2092 3360
269 184 321 222 32
975 158 977 160 ’
1017 178 1135 223 caput
1158 177 1221 212 xi.

381 296 495 343 3226
526 306 670 351 (Apollo
696 306 729 339 d.
754 305 919 348 delphino
943 305 1105 345 ἱππί-τηε,
1137 313 1164 336 S.
1192 302 1309 346 lyram
1334 305 1475 343 tenens;
1507 305 1615 336 iuoeta
1636 313 1790 348 grypus,
1813 305 1853 338 in
1873 303 1985 347 globo

267 375 387 412 ειαηεῑ
410 370 550 414 aquila)
582 366 655 405 deo
677 363 851 417 Apollini
881 362 1151 415 praestantiss.
1179 365 1186 415 Ι
1213 362 1308 401 Aur.
1330 361 1464 402 Vitalis
1494 374 1568 414 pro
1599 374 1642 402 se
1672 362 1795 415 suisq.
1822 375 1860 403 v.
1886 362 1913 402 l.
1943 375 1984 416 p.
2052 371 2053 375 ’

382 433 494 475 Apuli
518 431 746 474 (Carlsburg)
774 432 812 463 in
835 430 952 462 Dacia
978 428 1050 472 (III
1072 429 1134 462 994
1160 429 1252 462 vidit
1277 427 1503 470 Mommsen).

381 512 496 559 3227
544 513 716 565 Apollini
751 510 756 567 Ι
791 523 947 552 sacrum
974 510 981 560 Ι
1008 510 1051 549 L.
1085 509 1259 550 Statilius
1294 507 1301 563 Ι
1336 510 1492 551 Primus
1521 510 1569 551 de
1600 522 1671 551 sua
1700 522 1740 563 p.
1770 522 1811 563 p.
1838 508 1846 564 Ι
1872 510 1985 552 Hanc
2048 514 2051 518 '

267 595 375 623 aram
405 586 595 621 vetustate
622 578 629 633 Ι
654 580 924 621 labefactatam
952 578 959 633 Ι
985 579 1030 619 L.
1062 578 1236 619 Statilius
1263 575 1268 632 Ι
1297 578 1420 618 Pollio
1452 579 1499 618 de
1529 591 1600 619 sua
1628 591 1716 631 pec.
1749 584 1788 619 et
1823 576 1830 632 Ι
1863 570 2009 620 reno·'
2048 586 2052 590 “

269 650 369 690 vavit
399 657 438 690 et
467 649 652 690 restituit.

382 717 496 759 Prope
527 715 784 750 Civitaveeclzia
814 725 889 757 rep.
919 716 959 747 in
988 714 1179 748 ruderibus
1212 713 1499 757 Castronvvam‘s,
1535 714 1609 746 iam
1638 712 1771 747 Romae
1803 713 1871 755 (XI
1892 713 1985 749 5572
2011 697 2018 702 “
2055 707 2058 709 ’

269 773 361 806 vidit
385 772 555 816 Henzen).

381 840 499 888 3228
547 842 704 882 Hilarus
731 839 736 894 Ι
764 841 912 894 Syriaci
943 843 1040 892 Aug.
1074 841 1141 879 lib.
1170 838 1176 895 Ι
1202 840 1338 880 tabul.¹
1371 852 1444 883 ser.
1476 838 1481 895 Ι

442 910 601 963 Accipe,
633 909 806 959 Phoebe,
837 905 1011 965 pre[c]or
1039 907 1043 964 Ι
1071 904 1342 964 T[i]ry[nt]hia
1376 907 1565 949 munera²
1590 911 1597 961 Ι
1623 920 1697 961 pro
1727 920 1810 949 me:

497 979 595 1019 haec
623 978 695 1019 tibi
726 990 826 1030 quae
853 976 859 1032 Ι
885 978 997 1030 potui
1027 977 1144 1017 fortia
1175 977 1302 1016 dona²
1333 977 1434 1017 dedi.
1463 975 1467 1031 Ι

440 1047 513 1086 Hic
545 1046 679 1086 orbem
711 1046 876 1095 domuit,
907 1053 950 1085 tu
981 1057 1131 1098 pacem,
1158 1043 1164 1098 Ι
1194 1044 1367 1095 Phoebe,
1399 1044 1559 1085 dedisti:

497 1121 624 1166 utraq.
653 1115 659 1164 Ι
685 1126 748 1153 res
776 1113 875 1154 votis
905 1119 1054 1153 annuat
1084 1113 1180 1153 ista³
1205 1111 1211 1166 Ι
1238 1114 1346 1153 meis.

387 1181 584 1224 Aquileiae,
609 1183 648 1213 in
672 1180 790 1224 lapide
814 1181 877 1222 qui
901 1181 1043 1213 arboris
1067 1182 1236 1213 truncum
1259 1182 1427 1213 imitatur
1452 1180 1655 1224 (Majonica
1680 1180 1780 1213 areli.
1797 1189 1850 1222 ep.
1867 1178 1988 1214 Mitth.

272 1239 358 1272 4896
376 1239 516 1281 p.209;
540 1237 732 1271 Buecheler
756 1246 865 1270 earm.
884 1237 998 1278 epigr.
1016 1246 1050 1270 n.
1065 1236 1177 1278 4844).
1203 1255 1247 1261 -
1274 1239 1305 1279 1)
1335 1236 1531 1271 Tabularii.
1555 1256 1602 1262 —
1626 1238 1660 1280 2)
1684 1236 1850 1270 Herculis
1873 1246 1988 1271 arma.
2059 1238 2063 1240 ’

271 1314 318 1319 —
342 1295 376 1336 3)
405 1293 561 1336 Utraque
584 1296 671 1335 ista,
701 1294 839 1326 scilieet
861 1294 1052 1326 victoriam
1076 1296 1109 1326 et
1130 1303 1271 1336 pacem,
1302 1293 1483 1337 intellegit
1506 1294 1655 1336 Hilberg
1679 1291 1904 1333 Jahreelies'te
1928 1293 1990 1327 doe

274 1354 417 1384 oesterr.
442 1352 540 1384 arch.
564 1351 648 1385 Insl.
673 1350 709 1383 11
728 1351 813 1384 4899
837 1350 928 1383 Anz.
951 1360 987 1392 p.
1003 1352 1058 1384 50.

386 1430 499 1478 3229
543 1433 697 1471 monitu
728 1431 922 1484 Apollinis
949 1431 954 1487 Ι
981 1432 1024 1471 Ρ.
1057 1431 1226 1471 Metilius
1257 1430 1465 1472 Secundus
1490 1431 1497 1486 Ι
1523 1431 1599 1484 leg.
1631 1431 1729 1483 Aug.
1760 1444 1822 1484 pr.
1853 1432 1928 1485 pr.¹

385 1499 574 1532 Lambaesi
608 1498 713 1539 (VIII
735 1498 822 1533 2594
861 1498 952 1531 vidit
973 1496 1131 1542 Renier).
1168 1517 1211 1523 —
1250 1499 1283 1541 1)
1314 1498 1475 1541 Legatus
1505 1509 1575 1541 pro
1605 1501 1775 1542 praetore
1805 1499 2002 1534 emeream-

271 1555 443 1596 Al'ricani
465 1554 541 1595 fuit
563 1566 597 1588 a.
617 1555 696 1596 423,
723 1554 770 1594 cll
794 1566 906 1598 supra
930 1553 976 1588 N.
1001 1555 1090 1589 4055
1115 1558 1189 1589 not.
1201 1556 1232 1589 4.

385 1635 500 1682 3230
539 1637 611 1677 diis
632 1637 858 1689 deabusque
888 1632 1119 1690 selcundum
1152 1636 1534 1689 interpreltationem
1558 1636 1722 1687 oraculli
1743 1636 1845 1677 Clari
1866 1635 1989 1691 Apol-

273 1705 364 1746 linis
391 1703 397 1755 Ι
424 1705 512 1745 coh.
544 1705 560 1744 l
590 1705 856 1758 Tungrorum.

392 1773 626 1805 Housesleads
660 1774 700 1805 in
735 1773 887 1815 Anglia,
923 1774 986 1806 ubi
1019 1771 1095 1812 fuit
1130 1772 1379 1806 Boreovieium
1414 1773 1522 1805 statio
1559 1771 1649 1805 valli
1679 1771 1878 1814 Hadriani,
1915 1772 1990 1805 iam

273 1828 473 1867 Neweastle
498 1828 585 1872 (VII
606 1831 676 1864 655
699 1830 790 1862 vidit
816 1829 1009 1873 Huebner).

386 1885 524 1932 323θῦ
560 1888 598 1927 (1.
629 1888 855 1940 deabusque
883 1885 888 1942 Ι
915 1887 1134 1927 secundum
1166 1885 1546 1941 interlpetrationem
1569 1891 1654 1936 (sic)
1687 1884 1836 1943 Clalrii¹
1869 1885 1991 1940 Apol-

276 1955 531 2044 llum-corin&
553 2012 592 2044 in
615 2011 798 2045 Dalmatia
822 2022 896 2054 rep.
923 2011 998 2054 (III
1017 2012 1108 2045 2880
1131 2011 1225 2045 vidit
1250 2011 1478 2052 Mommsen).
1503 2029 1550 2035 -—
1575 2012 1606 2053 1)
1633 2010 1786 2044 CLARH
1809 2010 1913 2054 lapis.
1992 2055 1997 2061 ²

388 2066 527 2114 3230'0
572 2069 630 2110 dis
656 2069 848 2122 deabusq.
883 2068 887 2124 Ι
923 2067 1173 2126 s[e]cundum
1207 2069 1213 2123 Ι
1249 2067 1632 2122 interpretaltionem
1673 2068 1835 2119 oralculi
1875 2063 1991 2120 Clalri

273 2137 446 2188 Apollin.

387 2203 430 2235 In
455 2188 620 2243 confiniis
643 2203 836 2237 Numidiae
865 2207 899 2236 et
920 2203 1180 2246 Mauretaniae,
1209 2206 1248 2236 in
1273 2205 1422 2247 regione
1444 2203 1609 2248 Ferdffia
1641 2204 1750 2249 (Vm
1769 2204 1860 2240 8534
1883 2203 1994 2239 semel

275 2259 481 2302 descripta).

394 2315 552 2348 Titulum
568 2316 748 2359 Apollinis
764 2318 887 2360 Pythii
911 2317 1074 2349 dabimus
1096 2315 1197 2356 infra
1222 2317 1320 2349 inter
1344 2316 1467 2350 titulos
1491 2319 1679 2351 numinum
1699 2319 1991 2362 peregrinorum.

390 2395 503 2441 3231
553 2397 726 2449 Apollini
753 2397 760 2451 Ι
786 2399 885 2450 Aug.
913 2399 919 2448 Ι
946 2398 986 2437 in
1018 2397 1246 2437 memoriam
1273 2395 1280 2451 Ι
1306 2397 1356 2437 Μ.
1388 2398 1556 2439 Modesti
1586 2399 1636 2439 M.
1659 2400 1686 2439 s.
1713 2398 1720 2454 Ι
1746 2399 1989 2452 Repentinil

276 2464 328 2504 M.
360 2464 573 2505 Modestius
599 2463 605 2520 Ι
634 2466 882 2518 Repentinus
908 2464 914 2519 Ι
941 2471 1054 2518 pater
1085 2472 1157 2505 vet.
1190 2478 1237 2505 ex
1268 2466 1354 2506 dec.
1381 2464 1387 2520 Ι
1415 2466 1462 2506 al.
1494 2466 1511 2506 I
1541 2467 1817 2508 Aravacorum.

391 2531 558 2565 Ovilavae
582 2530 714 2574 (Wels)
740 2534 779 2564 in
803 2530 938 2566 Norico
966 2532 1040 2576 (111
1059 2533 1149 2566 5629
1173 2533 1280 2565 semel
1304 2532 1484 2576 descripta
1508 2534 1572 2566 sub
1597 2533 1705 2574 linem
1728 2543 1820 2568 saec.
1846 2533 1942 2580 XV).

390 2607 505 2655 3232
543 2612 715 2663 Apollini
743 2611 748 2665 Ι
776 2613 887 2664 Aug.‚
919 2612 1074 2660 holnori
1106 2612 1411 2666 memloriaeque
1431 2613 1475 2654 L.
1502 2612 1510 2667 Ι
1537 2613 1675 2653 Aemili
1697 2612 1741 2652 L.
1762 2613 1815 2654 fil.
1843 2611 1850 2670 Ι
1877 2614 1988 2663 Quir.

276 2674 491 2726 Celatilani,
524 2679 660 2720 Porcia
686 2679 693 2733 Ι
720 2680 833 2720 Festa
863 2681 917 2720 fili
945 2678 949 2733 Ι
977 2680 1183 2722 karissimi.
1211 2680 1217 2736 Ι
1249 2682 1293 2721 L.
1326 2682 1364 2721 d.
1394 2681 1432 2720 d.
1463 2681 1500 2720 d.

317 2799 341 2833 d
390 2742 472 2787 Rep.
491 2745 618 2778 Caldus
641 2746 682 2778 de
698 2747 890 2781 Malavella
915 2758 1027 2791 prope
1046 2748 1250 2782 Get-undam
1266 2748 1462 2791 Hispaniae
1482 2745 1761 2781 Tarraconensis
1783 2747 1837 2788 (11
1852 2747 1890 2783 S.
1900 2749 1988 2783 6481

282 2802 316 2832 vi
342 2801 371 2832 it
393 2800 584 2842 Huebner).

390 2912 504 2960 3233
553 2917 674 2957 Diana
701 2915 707 2972 Ι
734 2917 784 2958 Μ.
816 2918 923 2958 Livio
955 2919 1006 2959 M.
1038 2920 1064 2959 f.
1093 2916 1100 2973 Ι
1126 2918 1295 2972 praitor¹
1332 2918 1450 2958 dedit.

391 2981 506 3024 Prope
538 2984 706 3026 oppidum
730 2984 835 3018 Nemi
865 2996 951 3029 rep.‚
982 2987 1044 3019 ubi
1073 2985 1150 3025 suit
1171 2985 1300 3026 fanum
1324 2987 1359 3018 et
1381 2983 1512 3018 Nemus
1534 2982 1675 3016 Dianae
1707 2984 1747 3016 in
1777 2994 1870 3028 agro
1903 2985 1989 3020 olim

279 3036 523 3079 Arieiuorum,
549 3049 614 3071 ara
632 3039 763 3082 lapidis
781 3040 912 3074 Gabini
927 3041 1029 3083 (XIV
1042 3042 1176 3085 41822).
1193 3060 1237 3066 --
1264 3039 1297 3086 1)
1314 3041 1493 3075 Incertum
1511 3042 1633 3073 utrum
1649 3039 1825 3074 Aricinus
1837 3044 1990 3084 praetor

279 3102 327 3125 an
349 3093 475 3136 populi
497 3093 658 3128 Romani.
