2092 3360
243 174 325 211 222
999 171 1121 218 Caput
1143 171 1209 208 x1.

240 287 398 321 Babelon
429 289 463 319 et
492 286 668 319 Blanchet
698 285 858 318 Bronzes
887 289 1053 328 antiques
1085 286 1128 319 de
1161 287 1195 321 la
1219 287 1311 322 Bibl.
1335 287 1521 321 nationale
1539 299 1576 332 p.
1593 288 1657 322 740
1679 290 1857 335 awos).
1902 292 1962 327 Ad

241 344 335 377 idem
358 353 490 376 numen
513 342 656 375 videtur
675 343 861 385 pertinere
884 342 957 376 XII
975 342 1044 378 587
1070 344 1150 384 (ubi
1175 347 1293 377 tamen
1317 348 1368 377 est
1391 343 1532 387 Uxelio„
1558 343 1606 385 cll
1630 345 1766 380 Mowat
1789 347 1876 382 bun.
1899 348 1961 383 du

240 403 354 443 antiq.
381 400 403 434 l.
423 409 452 433 c.
472 409 510 441 p.
527 397 623 442 256).

352 477 467 524 4694
515 479 695 519 Uxovino
722 476 728 535 Ι
756 492 790 519 ν.
821 493 852 520 s.
884 480 909 519 l.
942 493 994 520 m.
1023 478 1029 532 Ι
1057 480 1104 527 Q.
1128 481 1283 522 Annius
1310 479 1316 534 Ι
1344 482 1495 522 Bottus.

353 546 548 579 Bonnieuoe
569 556 683 589 prope
706 546 839 590 Aptam
856 546 986 580 Iuliam
1004 546 1110 591 (Apt)
1131 547 1271 581 Galliae
1287 547 1532 582 Narbonensis
1555 560 1630 593 rep.
1657 550 1746 594 (XII
1757 551 1842 586 4405
1866 553 1961 587 vidit

240 603 476 644 Hirschfeld)

352 671 465 718 4695
504 673 604 725 Aug.
625 673 830 714 Acionnae
855 673 861 729 Ι
889 686 1046 715 sacrum
1072 672 1079 730 Ι
1107 674 1278 728 Capillus
1299 673 1500 731 Illiolmari
1531 677 1584 719 fil.
1607 679 1807 730 porticum
1834 677 1841 734 Ι
1866 658 1959 720 cu—1n

239 743 321 784 suis
351 739 620 793 ornamentis,
650 754 686 780 v
717 755 747 782 s.
778 742 804 781 l.
834 754 886 782 m.

353 810 468 852 Prope
495 807 642 842 Orleans
666 809 714 842 ad
735 808 872 849 fontem
897 807 1062 842 l’Etuve'e
1086 820 1161 852 rep.
1187 809 1295 850 (XIII
1314 810 1407 845 5065
1431 810 1523 844 vidit
1546 811 1781 857 Hirschfeld).

352 888 466 935 4696
515 890 611 930 deae
641 891 738 942 Aug.
767 889 772 945 Ι
801 889 1018 930 Andartae¹
1047 888 1052 946 Ι
1078 891 1123 931 L.
1147 891 1318 932 Carisius
1345 889 1350 946 Ι
1379 891 1555 933 Serenus
1590 890 1595 946 Ι
1627 893 1797 934 111111vir
1827 892 1957 949 Aug!

239 972 274 999 v.
308 973 338 999 s.
371 959 396 999 l.
428 971 480 999 m.

353 1026 450 1059 Deae
468 1025 729 1077 Vocontiorum
755 1024 843 1068 (XII
855 1024 942 1059 4556
966 1025 1056 1058 vidit
1073 1024 1306 1066 Hirschfeld).
1324 1045 1370 1050 —
1397 1028 1428 1068 1)
1451 1027 1623 1061 Eiusdem
1647 1028 1733 1061 deae
1758 1029 1958 1073 complures

238 1082 306 1115 alii
330 1083 432 1115 tituli
455 1082 575 1115 eodem
601 1081 677 1115 loeo
701 1082 849 1124 reperti.

308 1192 310 1194 ,
351 1149 466 1196 4697
515 1152 609 1192 deae
641 1149 904 1207 Ardbiinnae¹
936 1152 981 1191 T.
1003 1150 1137 1207 Iulilus
1168 1153 1353 1205 Aequalis
1392 1152 1398 1206 Ι
1439 1166 1470 1193 s.
1502 1154 1524 1196 l.
1558 1166 1611 1193 m.
1645 1159 1703 1200 (In
1726 1162 1881 1204 utroque
1904 1161 1956 1194 la-

239 1222 312 1252 tere
337 1222 446 1252 arbor
468 1245 476 1253 .

351 1219 467 1319 Prop32
482 1276 608 1309 Diiren
624 1285 711 1318 rep„
728 1277 836 1313 iuxta
853 1277 949 1309 viam
965 1287 1055 1318 quae
1071 1275 1249 1320 Montjoie
1264 1277 1373 1318 ducit,
1391 1277 1440 1310 ad
1453 1279 1571 1311 vicum
1591 1278 1676 1322 Gey,
1693 1279 1742 1311 ad
1756 1282 1956 1314 eoetremam

236 1333 365 1366 silvam
388 1332 625 1365 Arduennam
659 1332 802 1376 (Braun
827 1343 908 1366 ann.
935 1332 1045 1366 Rhen.
1068 1332 1185 1378 29s30‚
1214 1333 1299 1367 4860
1326 1335 1395 1367 tab.
1419 1334 1460 1366 II
1487 1333 1534 1373 cf:
1563 1345 1599 1377 p.
1623 1336 1687 1377 68,·
1721 1336 1806 1369 inde
1829 1336 1954 1370 Bram-

177 1425 179 1428 .
237 1390 328 1423 bach
350 1391 447 1431 589).
470 1408 516 1413 -——
543 1391 574 1431 1)
601 1388 656 1428 Cf.
679 1389 724 1422 Ν.
740 1390 842 1423 4653.

351 1457 466 1504 4698
513 1460 609 1500 deae
639 1459 814 1499 Artioni¹
842 1459 849 1513 Ι
875 1459 1026 1499 Licinia
1057 1458 1260 1499 Sabinina.

353 1525 454 1559 Muri
478 1536 593 1569 prope
617 1527 776 1559 Bernam
800 1536 887 1568 rep„
917 1529 969 1558 est
991 1526 1142 1566 Bernae,
1168 1527 1262 1558 basis
1283 1525 1400 1568 sigilli
1423 1527 1527 1558 aenei
1551 1525 1657 1570 (XIII
1674 1527 1761 1561 5460
1776 1544 1822 1557 =
1837 1529 1951 1564 lusor:

237 1583 336 1617 Helu.
351 1582 420 1617 245
429 1595 442 1624 ,-
472 1583 665 1616 delineavit
690 1582 854 1615 Huebner
877 1593 933 1616 ex.
956 1592 1025 1616 scr.
1052 1584 1165 1624 epigr.
1190 1593 1224 1616 n.
1242 1582 1304 1616 904
1302 1582 1336 1626 ).
1360 1601 1404 1605 -
1442 1583 1473 1624 1)
1505 1582 1602 1615 Idem
1625 1593 1757 1616 numen
1781 1586 1821 1617 in
1845 1585 1952 1619 titulo

237 1641 324 1683 rupi
346 1642 460 1673 inciso
479 1650 594 1683 prope
618 1640 772 1681 Bitburg
798 1639 903 1680 (Aen.
920 1638 1029 1672 Rhen.
1053 1638 1144 1683 55s6‚
1168 1639 1254 1672 4875
1276 1650 1313 1681 p.
1326 1640 1395 1673 245
1401 1647 1415 1682 ;
1439 1639 1535 1671 vidit
1557 1639 1859 1685 Zangemeister).

349 1718 463 1765 4699
512 1721 796 1761 Athuboduae¹
824 1720 829 1775 Ι
859 1724 956 1773 Aug.
985 1718 990 1775 Ι
1019 1720 1179 1761 Servilia
1212 1718 1410 1775 Terenltia
1437 1721 1443 1773 Ι
1469 1733 1504 1759 v.
1537 1733 1569 1760 s.
1601 1721 1626 1759 l.
1657 1733 1711 1760 m.

350 1788 466 1831 Prope
490 1788 565 1832 Ley
596 1787 708 1833 (inter
731 1789 879 1832 Anneey
905 1790 940 1820 et
962 1787 1080 1820 lacum
1103 1786 1342 1830 Lemannum)
1375 1797 1469 1829 rep.,
1501 1789 1552 1819 est
1574 1787 1723 1831 Annecy
1756 1786 1845 1829 (XII
1862 1788 1950 1822 2574

235 1845 327 1877 vidit
350 1843 584 1888 Hirschfeld).
608 1864 653 1870 -
679 1846 711 1886 1)
736 1843 1014 1886 [Clathuboduae
1039 1842 1152 1881 fuisse
1177 1844 1332 1876 coniecit
1355 1843 1477 1876 Pictet.

347 1924 465 1970 4700
494 1925 588 1966 deae
609 1925 786 1966 Bihraci¹
815 1923 820 1979 Ι
847 1926 891 1965 Ρ.
909 1925 1051 1978 Capril.
1072 1926 1236 1965 Pacatus
1265 1922 1270 1978 Ι
1298 1924 1467 1963 llllllvir
1487 1925 1691 1977 Augustal.
1719 1924 1725 1980 Ι
1752 1938 1786 1965 V.
1803 1939 1835 1966 s.
1853 1926 1878 1966 l.
1896 1939 1949 1967 m.

349 1993 607 2036 Augustoduni
631 1992 789 2037 (Autun)
820 2003 908 2036 rep„
939 1993 1073 2036 clipeus
1097 2002 1227 2025 aeneus
1251 1993 1403 2034 argento
1428 1991 1608 2033 inductus,
1639 1993 1713 2024 iam
1737 1993 1889 2026 Parisiis
1910 1995 1951 2026 in

234 2059 355 2082 museo
380 2050 487 2089 (XIII
503 2051 596 2085 2652
619 2050 713 2083 vidit
733 2049 968 2094 Hirschfeld).
997 2068 1043 2072 —
1082 2049 1113 2089 1)
1137 2048 1287 2082 Bibracti
1316 2047 1424 2081 multi
1451 2051 1629 2090 auctores,
1662 2052 1703 2082 ut
1731 2051 1839 2082 etiam
1862 2049 1953 2083 XIII

233 2106 334 2140 2654.
357 2107 450 2142 2655
475 2106 582 2150 (quos
606 2108 731 2140 titulos
755 2110 873 2140 tamen
896 2117 970 2140 non
994 2106 1088 2139 vidit
1110 2103 1301 2149 Hirschsl).

348 2172 459 2232 4701
512 2188 770 2229 Cantismerte
796 2186 802 2242 Ι
831 2188 874 2228 L.
896 2186 1128 2235 Quartillius
1154 2185 1160 2241 Ι
1188 2185 1407 2232 Quartinus
1435 2183 1440 2238 Ι
1467 2185 1492 2225 l.
1524 2198 1576 2225 m.

351 2254 392 2287 ln
421 2265 557 2288 summa
587 2256 679 2289 valle
704 2256 862 2289 Poenina
890 2265 964 2288 non
997 2254 1104 2297 longe
1134 2265 1155 2287 a
1182 2253 1324 2286 Seduno
1353 2251 1504 2296 (Sitten,
1536 2252 1641 2297 Sion)
1674 2263 1748 2296 rep.
1774 2251 1860 2296 (XII
1880 2252 1946 2287 454

234 2309 426 2342 Mommsen
450 2312 543 2344 vidit
566 2312 760 2356 ectypum).

347 2378 462 2426 4702
505 2382 605 2435 Aug.
636 2395 736 2422 sacr.
767 2383 863 2422 deae
894 2376 1163 2436 Cluto[i]ldae¹
1196 2386 1235 2419 et
1266 2379 1398 2419 vcanis
1421 2378 1528 2427 (εἰσ)2
1557 2374 1907 2434 Masavensibu[s]³
1938 2376 1944 2434 Ι

233 2448 478 2489 Mediusacer
505 2447 510 2503 Ι
537 2450 735 2490 Medianni
766 2446 826 2505 [f]
861 2447 866 2504 Ι
903 2461 1060 2489 murum
1100 2448 1206 2487 inter
1234 2460 1350 2487 arcus
1380 2444 1479 2487 duos
1517 2443 1637 2502 c[um]
1672 2445 1679 2500 Ι
1713 2445 1795 2486 suis
1825 2458 1945 2486 orna-

197 2521 199 2524 '
233 2517 378 2557 mentis
408 2517 444 2557 d.
476 2531 507 2558 s.
540 2519 577 2558 d.

347 2584 390 2616 In
415 2586 493 2618 vico
517 2585 650 2618 Mes-ves
679 2596 770 2628 rep.‚
802 2586 876 2618 iam
899 2583 1034 2617 Neoers
1060 2582 1165 2623 (XIII
1185 2582 1276 2616 2895
1301 2581 1395 2614 vidit
1419 2578 1650 2622 Hirschfeld).
1675 2598 1721 2604 —
1753 2580 1785 2622 1)
1809 2579 1944 2614 Eadem

233 2639 298 2672 dea
321 2644 543 2674 memoratur·
567 2643 606 2674 in
630 2642 766 2675 crotalo
792 2651 900 2674 aeneo
923 2639 1015 2673 XIII
1035 2639 1138 2679 2802,
1164 2639 1203 2670 in
1228 2648 1298 2680 quo
1321 2639 1495 2680 scriptum
1519 2639 1571 2669 est
1595 2635 1657 2669 dea
1683 2635 1881 2671 Clutoissae.
1897 2655 1944 2662 —-

232 2696 267 2737 2)
291 2695 480 2739 Intellege:
504 2700 654 2732 vicanis.
675 2717 717 2723 —
744 2699 776 2740 3)
804 2698 913 2732 Vicus
931 2696 1077 2729 Masaoa
1102 2697 1324 2727 memoratur
1349 2695 1456 2727 etiam
1480 2695 1519 2725 in
1537 2692 1658 2725 tabula
1675 2692 1964 2735 Pezttingerana‚

233 2754 267 2783 et
290 2752 386 2785 alibi.

344 2821 461 2867 4703
492 2824 677 2864 Dexivae¹
699 2831 738 2863 et
759 2821 1117 2878 Caudelllensibus²
1138 2822 1178 2862 C.
1198 2821 1358 2861 Helvius
1389 2817 1556 2868 Prilmus
1577 2817 1722 2867 sedilia,
1745 2831 1780 2858 v.
1796 2832 1828 2859 s.
1845 2819 1871 2858 1.
1887 2830 1940 2858 m.

346 2890 388 2922 In
415 2889 532 2923 Gallia
555 2890 785 2924 Narbonensi
805 2901 917 2933 prope
943 2890 1097 2923 Cadenet
1128 2889 1215 2932 (non
1241 2888 1345 2930 longe
1369 2898 1390 2920 a
1414 2885 1594 2918 Druentia
1617 2886 1672 2926 ll.)
1697 2895 1772 2928 rep.
1797 2896 1832 2919 a.
1855 2885 1940 2919 4772

232 2945 318 2985 (XII
339 2947 444 2987 4064,·
475 2946 600 2980 Rabiet
630 2945 728 2981 me'm.
755 2947 797 2980 de
821 2948 857 2980 la
883 2944 1022 2980 Socie'te'
1044 2946 1104 2979 des
1128 2945 1351 2988 antiquaires
1375 2943 1418 2976 de
1442 2942 1587 2975 France
1610 2941 1696 2974 4887
1716 2952 1754 2984 p.
1777 2942 1877 2982 331).
1894 2959 1941 2966 -

234 3002 266 3043 1)
292 3002 466 3035 Desm'vam
491 3003 637 3036 eandem
662 3014 704 3044 ac
716 3004 919 3036 Fortunam
943 3014 1015 3036 esse
1037 3005 1142 3045 putat
1168 3001 1289 3035 Calvet
1311 3000 1554 3039 Avenniensis,
1579 3000 1659 3040 apte
1677 2997 1818 3031 conlato
1836 3007 1940 3031 verm

231 3058 435 3101 Fredegodc‘
458 3061 495 3092 in
520 3061 593 3092 vita
618 3060 654 3093 S.
676 3058 843 3100 Wcmvidc
858 3060 1095 3093 Eborac-ensis
1120 3069 1149 3092 c.
1165 3058 1207 3092 45
1224 3067 1255 3091 υ.
1270 3058 1339 3090 558
1356 3056 1493 3098 (Migne
1510 3054 1707 3099 435‚992):
1731 3063 1805 3087 non
1821 3055 1940 3096 igitur
