2092 3360
144 178 260 218 ‘rituli
282 178 379 216 neeri
402 180 442 215 et
463 178 707 215 sacerdotnm.
734 197 775 203 —
802 176 941 224 Iupiter
959 176 1229 213 Balmarcodes.
1253 175 1318 212 Sol
1334 175 1567 222 Elagabalus.
1592 175 1716 212 Belus.
1778 173 1861 213 173

147 294 233 328 tulit
257 290 478 337 Weszprimi
508 292 721 336 Hungurus,
758 294 888 326 auctor
915 294 1110 335 suspectus.
1158 291 1252 324 Haec
1273 292 1416 324 sincera
1441 290 1618 324 iudicavit
1645 289 1840 324 Mommsen
1852 303 1865 331 ‚-

146 349 310 386 clausula
334 359 442 393 quam
466 349 560 383 idem
584 350 713 382 auctor
736 348 869 382 adiecit
892 358 972 382 eum
998 350 1129 382 iterum
1155 347 1301 381 titulum
1325 347 1454 389 ederet,
1479 357 1550 391 qua
1575 348 1702 381 titulus
1726 347 1775 381 ad
1799 358 1864 381 on—

145 417 232 441 num
247 407 315 441 249
338 405 551 447 referretur,
577 404 731 446 conficta
756 416 828 438 esse
851 405 1023 447 videtur).
1040 424 1085 430 —-
1112 407 1145 447 1)
1170 403 1319 444 Confert
1343 404 1576 438 Mommsenus
1600 414 1745 438 carmen
1763 404 1863 439 Com-

146 464 310 498 modiani
332 464 500 498 instruct.
523 463 556 506 4,
571 462 616 497 48
633 458 693 495 ‘de
715 462 932 496 Ammudate
955 465 991 495 et
1015 462 1079 496 deo
1104 458 1265 504 magno'.
1282 480 1327 486 —
1352 462 1385 504 2)
1412 459 1465 501 Cf.
1482 471 1594 504 supra
1611 460 1658 495 Ν.
1668 462 1733 495 570
1749 464 1814 496 not
1826 463 1861 497 2.

149 519 308 555 nedum
320 521 538 563 temporibus
548 521 780 564 imperatoris
787 518 983 562 Elagabali
992 520 1152 562 positum
1161 520 1270 562 putat
1277 517 1548 551 Domaszeweki
1558 517 1863 556 mastdzeieschr.

145 578 232 612 4895
245 579 357 621 p.6o,·
381 587 451 620 quo
471 580 589 610 tamen
612 579 768 619 tempore
794 576 950 618 legiones
976 577 1030 609 bis
1049 577 1133 619 pias
1156 574 1356 618 appellatas
1377 577 1563 618 praeterea
1588 585 1662 608 non
1686 577 1862 609 novimus.

220 665 336 715 4333
394 663 634 723 εὖθυντῆρι
663 666 792 725 τύχης
828 666 834 724 Ι
872 667 1005 725 Βηλῷ
1039 666 1045 722 Ι
1078 665 1287 718 Σέξστοςι
1326 668 1440 708 θέτο
1469 665 1667 722 βῶΙμονΙ

464 736 554 778 τῶν
585 733 630 778 ἐν
657 732 889 793 Ἀπαμείᾳ
914 737 922 792 Ι
947 730 1228 793 μνησάμενος
1253 734 1258 789 Ι
1288 735 1462 790 λογίων.

834 803 894 848 (ab
919 803 1034 837 altera
1054 805 1178 846 parte)

409 860 539 909 Belus,
568 859 574 915 Ι
601 860 800 902 Fortunae
830 868 964 902 rector
991 858 997 915 Ι
1023 860 1247 912 mentisque
1278 857 1489 914 magislter⁷
1518 857 1524 915 Ι

461 941 528 969 ara
557 927 757 982 gaudebit,
785 927 792 983 Ι
818 941 935 981 quam
966 928 1099 969 dedit2
1125 927 1132 983 Ι
1160 934 1198 968 et
1227 928 1362 968 voluit.

263 994 421 1029 Vasione
444 1007 531 1039 rep„
561 1005 659 1029 nune
681 998 721 1028 in
744 1006 864 1029 museo
890 995 1194 1039 Sangermanensi
1225 995 1312 1035 (XII
1332 995 1418 1029 4277
1442 995 1535 1028 vidit
1558 993 1793 1039 Hirschfeld).
1819 1013 1863 1019 —

150 1054 184 1095 1)
213 1051 387 1086 Renierus
422 1053 566 1086 rettulit
599 1053 648 1086 ad
682 1051 765 1086 Sex.
799 1053 952 1087 Varium
982 1051 1192 1086 Marcellum
1222 1055 1368 1095 patrem
1402 1053 1633 1095 imperatoris
1668 1051 1864 1094 Elagabali

149 1112 275 1152 (supra
293 1107 337 1142 N.
352 1109 446 1154 478),
470 1109 576 1153 quod,
598 1110 786 1152 ingeniose
810 1110 1067 1152 excogitatum,
1091 1112 1186 1142 recle
1211 1110 1339 1142 reiecit
1355 1108 1570 1148 Hirschfeld.
1587 1127 1631 1133 —
1648 1110 1682 1150 2)
1710 1108 1864 1142 Videtur

148 1166 280 1200 Seoetus
302 1167 356 1199 ita
380 1166 522 1200 anxilio
547 1165 627 1198 Beli
652 1168 847 1206 compotem
872 1167 949 1198 voti
970 1176 1007 1198 se
1031 1165 1170 1206 factum
1195 1176 1267 1198 esse
1290 1166 1512 1208 significare.

260 1255 375 1303 4334
434 1270 507 1310 pro
537 1258 664 1299 salute
694 1258 788 1310 imp.
822 1254 961 1314 [Gaea]
992 1288 1200 1298 .......
1230 1257 1235 1312 Ι
1263 1258 1303 1299 C.
1326 1258 1503 1299 Licinius
1533 1258 1565 1298 N
1570 1287 1713 1300 .....
1741 1255 1747 1310 Ι
1774 1257 1862 1297 Pal-

149 1337 340 1379 myrenus
371 1321 515 1381 [aedem
535 1323 640 1381 Belo]
673 1326 849 1366 constitu
867 1357 876 1366 .
895 1357 904 1366 .
922 1356 932 1366 .
974 1324 980 1380 Ι
1016 1321 1290 1380 Ἡλιόδωρος
1318 1322 1341 1369 ὁ
1376 1358 1590 1369 .......
1618 1324 1625 1379 Ι
1650 1322 1728 1368 τὸν
1757 1321 1864 1368 ναὸν

151 1389 314 1450 ΒηΙλῴ]
336 1423 553 1436 .......
581 1392 587 1449 Ι
614 1391 944 1451 ΠαλμυρηνΙός]
978 1425 1194 1437 .......

261 1459 394 1494 Romae
408 1471 484 1504 rep.
508 1464 615 1494 extra
635 1464 783 1505 portam
799 1461 1030 1494 Portuensem
1046 1463 1086 1494 in
1102 1463 1205 1495 vinea
1221 1461 1386 1495 Bonellia
1404 1461 1473 1502 (VI
1487 1462 1532 1495 50
1544 1477 1590 1491 =
1604 1460 1726 1494 Kaibel
1748 1461 1863 1495 Inser.

151 1517 212 1552 Gr.
228 1517 331 1552 sicil.
347 1517 429 1551 Ital.
446 1517 539 1561 969).
586 1517 747 1551 Alterius
770 1518 870 1552 tituli
899 1517 1012 1551 eidem
1042 1521 1084 1551 ut
1106 1519 1249 1552 videtur
1272 1518 1336 1552 deo
1361 1519 1405 1551 ab
1431 1518 1558 1551 iisdem
1582 1519 1786 1551 hominibus
1809 1517 1864 1550 di-

149 1577 223 1609 cati
244 1572 495 1617 fragmentum
519 1576 572 1607 est
597 1574 649 1608 VI
667 1575 712 1608 51
737 1590 782 1603 =
805 1575 918 1611 lusor.
943 1574 1004 1609 Gr.
1021 1575 1122 1609 Steil.
1139 1575 1221 1609 Ital.
1237 1576 1313 1609 970.
1359 1576 1402 1609 In
1426 1575 1548 1609 eadem
1571 1577 1676 1608 vinea
1700 1574 1864 1608 Bonellia

144 1631 287 1676 prodiit
308 1632 434 1665 titulus
452 1631 587 1666 Graece
611 1635 645 1665 et
659 1632 854 1665 Aramaice
876 1633 1032 1676 scriptus
1055 1632 1198 1666 dicatus
1221 1634 1331 1675 θεοῖς
1353 1628 1550 1680 πατρῴοις
1567 1625 1675 1680 Βήλῳ
1698 1624 1864 1678 Ἰαριβώ-

150 1689 228 1736 [λῳ]
247 1714 257 1725 .
271 1713 280 1722 .
297 1714 306 1722 .
322 1715 331 1723 ,
357 1687 498 1733 (Kaibel
521 1689 546 1722 l.
561 1699 590 1723 e.
614 1699 650 1722 n.
666 1688 762 1732 972).
802 1689 890 1722 Item
913 1691 953 1722 in
976 1690 1124 1731 regione
1151 1688 1424 1723 Transtiberina
1448 1690 1551 1722 urbis
1571 1689 1712 1732 prodiit
1735 1688 1865 1721 titulus

150 1755 252 1789 quem
275 1739 487 1792 Ἄγλιβώλῳ
517 1747 582 1782 καὶ
608 1738 857 1794 Μαλαχβῆλῳ
887 1741 1085 1794 πατρῴοις
1115 1748 1224 1789 θεοῖς
1247 1748 1373 1790 posuit
1399 1746 1437 1782 T.
1455 1745 1625 1780 Aurelius
1648 1745 1865 1779 Heliodorus

150 1801 386 1846 Palmyrenus
410 1801 553 1846 (Kaibel
576 1802 598 1836 l.
616 1813 646 1836 c.
669 1813 706 1836 n.
722 1802 816 1842 974).

264 1867 377 1915 4335
432 1871 473 1911 C.
504 1871 626 1912 lulius
656 1871 865 1912 Anicetus¹
892 1871 898 1926 Ι
935 1884 983 1911 ex
1013 1871 1180 1924 imperio
1213 1871 1315 1912 Solis
1341 1871 1346 1927 Ι
1374 1877 1499 1924 rogat,
1534 1883 1584 1911 ne
1614 1870 1703 1922 quis
1731 1870 1824 1910 velit
1855 1866 1860 1925 Ι

150 1937 321 1991 parietes
350 1944 419 1978 aut
447 1938 621 1979 triclias²
647 1937 652 1993 Ι
680 1939 898 1979 inscribere
929 1944 997 1979 aut
1022 1938 1029 1994 Ι
1055 1940 1294 1992 scariphare.

264 2003 398 2037 Romae
428 2015 502 2048 rep.
527 2015 600 2037 una
626 2015 705 2038 eum
735 2016 777 2038 ea
809 2015 900 2048 quae
921 2006 1105 2049 praecedit
1137 2005 1209 2049 (VI
1227 2007 1274 2040 52
1304 2006 1398 2039 vidit
1421 2005 1591 2045 Henzen).
1626 2023 1672 2030 --
1711 2005 1742 2046 1)
1766 2004 1863 2038 Idem

151 2060 267 2094 Iulius
295 2061 468 2094 Anicetus
496 2061 618 2094 eodem
650 2062 726 2095 loco
756 2063 879 2104 posuit
915 2062 1059 2095 titulum
1090 2063 1224 2095 editum
1253 2062 1402 2096 Bullett.
1432 2062 1530 2095 arch.
1561 2061 1746 2095 comunale
1777 2061 1864 2095 4887

150 2127 187 2160 p-
210 2118 253 2151 94
284 2119 319 2150 et
348 2116 466 2151 Roem.
491 2118 608 2152 Miuh.
634 2118 720 2151 4889
742 2129 779 2161 p.
802 2119 870 2152 290
893 2120 983 2159 (iam
1008 2118 1063 2152 VI
1081 2120 1223 2162 54034),
1253 2119 1405 2162 denique
1429 2129 1509 2152 eum
1533 2120 1597 2162 qui
1618 2120 1792 2162 sequitur.
1817 2137 1864 2143 —

152 2175 187 2217 2)
213 2172 266 2214 Cf:
286 2174 336 2208 VJ
351 2173 428 2208 742.
445 2175 557 2209 43595
572 2190 617 2203 =
637 2174 742 2208 Orell.
758 2175 882 2217 443611,
905 2178 992 2217 cet.;
1016 2175 1233 2219 Marquardt
1255 2177 1482 2210 Privatleben
1506 2175 1571 2208 der
1594 2174 1744 2208 Hoerner
1767 2175 1822 2209 ed.
1839 2175 1862 2208 2

149 2230 263 2274 p.370
287 2231 408 2265 not.2.

264 2297 379 2344 4336
427 2300 614 2341 C.1ulius
634 2299 822 2341 Anicetus
848 2298 854 2354 Ι
891 2312 998 2340 aram
1028 2307 1219 2341 sacratam
1252 2301 1332 2342 Soli
1363 2301 1496 2342 divino
1524 2298 1530 2354 Ι
1557 2307 1646 2342 voto
1677 2308 1862 2354 suscepto

152 2367 284 2408 animo
314 2367 443 2408 libens
473 2367 510 2408 d.
542 2368 579 2407 d.

265 2432 397 2467 Romae
421 2434 507 2468 olim
531 2437 631 2468 trans
651 2433 822 2475 Tiberim,
847 2436 887 2467 in
911 2435 1056 2468 eeclesia
1082 2434 1119 2470 S.
1140 2435 1315 2469 Caeciliae
1339 2435 1411 2479 (VJ
1428 2437 1492 2470 709
1515 2437 1658 2479 saepius
1683 2436 1863 2479 descripta

154 2500 245 2524 saec.
269 2489 345 2524 XV.
369 2490 483 2533 XVI).
534 2491 672 2525 Titulus
695 2491 840 2524 videtur
859 2492 1041 2534 prodiisse
1064 2503 1110 2525 ex
1133 2492 1253 2525 eodem
1277 2495 1440 2526 sacrario
1465 2504 1512 2526 em
1537 2503 1607 2536 quo
1630 2491 1675 2526 Ν.
1687 2493 1790 2527 4354.

265 2568 384 2616 4337
415 2575 593 2620 (protome
610 2577 669 2610 dei
684 2576 779 2610 Solis
795 2577 918 2620 aquila
936 2577 1051 2621 vecta)
1070 2573 1151 2612 Soli
1171 2573 1437 2614 sanctissimo¹
1459 2585 1617 2613 sacrum
1643 2573 1649 2627 Ι
1677 2573 1735 2612 Ti.
1748 2573 1862 2614 Clau-

152 2638 241 2680 dius
270 2638 378 2683 Felix
408 2645 448 2680 et
479 2638 486 2694 Ι
521 2639 677 2680 Claudia
710 2640 846 2692 Helpis
877 2646 916 2679 et
940 2638 947 2693 Ι
974 2640 1033 2679 Ti.
1056 2639 1239 2681 Claudius
1269 2641 1418 2693 Alypus
1448 2641 1501 2680 fil.
1533 2653 1669 2680 eorum
1696 2640 1702 2695 Ι
1729 2647 1863 2682 votum

153 2706 357 2748 solverunt
385 2707 515 2748 libens
544 2708 701 2757 merito,
741 2706 746 2762 Ι
788 2707 1038 2748 Calbienses²
1068 2707 1116 2748 de
1147 2708 1236 2748 coh.
1262 2708 1345 2748 111.⁸
1375 2713 1434 2753 (In
1466 2713 1578 2746 latere
1608 2717 1782 2747 emar-acm
1813 2717 1866 2748 ese

154 2772 283 2806 titulus
298 2773 546 2818 Parvuli-enus,
569 2785 682 2818 supra
700 2785 803 2818 quem
819 2775 958 2807 iuvenis
974 2774 1154 2818 quadriga
1168 2784 1372 2819 gryporum
1389 2778 1518 2817 vectus,
1535 2776 1638 2809 cuius
1653 2778 1765 2819 capiti
1782 2777 1865 2811 Vie-

154 2830 251 2863 toria
276 2839 446 2864 eoronam
469 2833 634 2875 imponit.
680 2831 723 2865 In
748 2831 859 2865 altero
885 2830 995 2864 latere
1021 2833 1186 2874 protome
1209 2831 1406 2865 sacerdotis
1429 2831 1541 2864 velati
1563 2834 1598 2865 et
1621 2834 1736 2866 culter
1756 2832 1866 2874 saleis

153 2885 259 2920 modo
282 2887 484 2932 incurvus).

267 2941 400 2977 Romae
418 2944 505 2978 olim
522 2946 562 2978 in
573 2944 722 2978 aedibus
735 2945 890 2987 privatis
909 2947 1012 2977 trans
1028 2943 1194 2987 Tiberim,
1209 2954 1305 2978 nnnc
1322 2946 1359 2978 in
1371 2955 1492 2978 museo
1507 2944 1709 2988 Capitolino
1722 2944 1865 2989 (V1710

155 2998 248 3033 vidit
270 2999 442 3045 umen).
466 3018 511 3026 —-
538 3003 570 3043 1)
594 3001 636 3034 In
659 3001 766 3035 titulo
790 3001 1003 3045 Palmyrena
1024 3011 1094 3044 pro
1119 3000 1201 3035 Sole
1224 3001 1427 3044 appellatur
1450 3000 1638 3036 Malakbel.
1655 3020 1699 3026 —-
1724 3002 1759 3045 2)
1783 3002 1864 3038 Ser.

155 3054 357 3090 Galbienses
382 3055 448 3097 (es.
470 3056 518 3091 N.
534 3057 623 3092 4622
647 3060 722 3092 not.
737 3059 791 3100 ὅ).
816 3077 860 3083 -
885 3059 918 3096 3)
947 3057 1002 3097 Cf.
1026 3068 1135 3100 supra
1160 3056 1206 3092 N.
1222 3057 1307 3092 4624
1332 3061 1407 3091 not.
1423 3059 1448 3093 ὅ
1472 3061 1507 3091 et
1530 3057 1576 3092 N.
1591 3058 1693 3093 4622.
