2092 3360
0 1568 13 1692 ὲ,

699 196 815 234 Tituli
838 196 1090 243 municipales.
1108 216 1151 222 —
1177 196 1292 234 Ostia.
1773 197 1855 237 547

258 312 402 355 Itomae,
425 312 488 346 sed
511 314 655 356 origine
676 312 822 346 videtur
840 311 1010 346 Ostiensis
1030 311 1134 353 (XIV
1146 312 1212 347 544
1229 313 1423 355 aliquoties
1438 311 1619 357 descripta
1634 322 1725 347 saec.
1742 312 1858 358 XVI).

143 387 190 395 ·-
216 371 250 412 1)
273 370 440 404 Praetori
462 369 629 404 seeundo.
676 370 827 403 Pmetor
845 369 990 412 primus
1012 367 1058 404 Ν.
1074 369 1168 404 6444.
1215 368 1300 403 Aed.
1326 379 1412 405 sacr.
1438 368 1598 414 Volcani,
1631 369 1785 405 eiusdem
1809 380 1860 414 pr.

148 430 225 461 tert.
248 425 341 461 XIV
355 427 433 462 57⁶.
455 445 502 451 —
531 427 567 469 2)
593 424 646 466 cr.
670 424 717 461 Ν.
732 426 814 461 em
839 429 913 460 not.
930 428 966 461 s.
989 445 1034 452 —
1059 426 1094 468 3)
1119 424 1173 466 cr.
1198 425 1244 460 Ν.
1260 425 1358 461 ⁶480.
1381 446 1427 451 —
1449 428 1486 470 4)
1511 426 1564 467 cr.
1588 425 1634 462 Ν.
1649 427 1746 464 ⁶175.

262 539 375 587 6145
433 543 469 583 d.
500 554 552 582 m.
595 540 602 597 Ι
642 543 688 583 Α.
719 542 841 583 Fabio
873 544 918 583 Α.
950 543 1003 583 fil.
1035 542 1115 583 Pal.
1157 542 1164 596 Ι
1205 543 1404 585 Feliciano
1445 542 1451 599 Ι
1491 544 1621 585 aedilii
1643 548 1727 594 (sic)
1761 557 1862 586 sacr.

149 609 261 651 Volk.
283 611 339 657 f),
366 609 372 665 Ι
401 610 467 662 qui
486 610 582 651 vixit
602 611 719 651 annis
739 610 883 650 XVllll
904 609 910 664 Ι
933 611 1091 652 mens.l
1114 611 1215 652 dieb.
1232 611 1387 652 xxllll.
1416 610 1422 668 Ι
1448 614 1493 653 Α.
1511 607 1688 669 [FJabius
1703 610 1862 668 Felixsl

149 678 229 719 filio
259 677 500 719 dulcissimo.

268 745 389 778 Ostiae
412 743 521 785 (XIV
535 745 603 780 554
630 745 736 787 vidi).
760 764 803 770 —
837 746 869 788 1)
895 744 950 786 Cf.
973 745 1019 780 N.
1034 746 1122 780 6442
1147 750 1220 781 not.
1235 748 1271 782 2.

267 869 382 916 6146
431 871 501 912 Cn.
533 871 673 912 Sentio
705 871 777 912 Cn.
808 872 862 913 fil.
898 871 906 927 Ι
942 872 1013 914 Cn.
1045 887 1084 914 n.
1115 873 1204 914 Ter.
1235 873 1356 916 Felici
1391 872 1397 929 Ι
1432 875 1516 915 dec.
1549 874 1656 915 decr.
1688 875 1867 916 aedilicio

155 940 243 990 adl„
274 941 312 982 d.
333 941 371 980 d.
392 940 430 980 d.
451 940 556 989 adl.¹‚
585 938 590 994 Ι
617 953 656 994 q.
679 940 731 980 a.²
751 941 938 990 Ostiens„
969 941 1091 991 lIvir.‚
1122 942 1178 995 q.⁸
1201 943 1388 983 iuvenum
1415 941 1422 998 Ι
1446 966 1502 974 -
1523 943 1589 984 hic
1611 939 1869 997 primusom-

156 1009 287 1058 nium‚
329 1021 409 1061 quo
440 1011 547 1049 annu
581 1009 667 1050 dec.
698 1010 773 1050 adl.
805 1015 877 1059 cst,
916 1016 957 1051 et
990 1008 996 1066 Ι
1031 1023 1070 1063 q.
1101 1023 1135 1051 a.
1167 1011 1258 1054 fact.
1290 1017 1350 1052 est
1379 1018 1419 1051 et
1448 1011 1488 1051 in
1520 1011 1688 1065 proxim.
1719 1022 1870 1051 annum

157 1077 253 1118 llvir
282 1077 475 1130 designat.
497 1083 556 1117 est
581 1076 587 1132 Ι
614 1101 670 1108 -
691 1078 830 1131 quinq.
852 1081 1080 1119 curatorum
1113 1079 1271 1119 navium
1301 1080 1518 1128 marinar.⁴‚
1550 1079 1671 1132 graiis
1700 1079 1839 1119 adlect.
1862 1077 1870 1134 Ι

158 1146 265 1186 inter
295 1146 506 1186 navicular.
537 1146 657 1186 maris
686 1145 924 1187 Hadriatici⁸
953 1155 993 1188 et
1021 1147 1068 1187 ad
1100 1147 1330 1200 quadrigam
1355 1150 1362 1199 Ι
1397 1148 1473 1188 fori
1502 1147 1663 1196 vinari‘,
1701 1149 1872 1200 patrono

160 1214 344 1255 decuriae
374 1213 539 1255 sci-Ibat.
570 1215 756 1255 cei-arima
798 1213 805 1269 Ι
846 1221 886 1255 et
914 1214 1109 1260 librarian
1144 1223 1184 1257 et
1213 1217 1341 1257 lictor.
1374 1222 1413 1257 et
1441 1215 1594 1257 viator?
1635 1216 1727 1256 item
1758 1227 1874 1268 prae-

162 1295 308 1324 conum
340 1289 380 1323 et
408 1281 415 1337 Ι
449 1289 490 1323 et
506 1287 591 1332 (sie)
621 1284 900 1336 argentarilir?
929 1290 969 1325 et
998 1285 1234 1337 negotiator.
1264 1285 1454 1326 vinarior.
1484 1284 1533 1325 ab
1563 1284 1703 1333 urbe⁹,
1738 1282 1746 1338 Ι
1779 1283 1874 1323 item

162 1364 335 1393 mensor.
364 1351 659 1392 frumentarium
694 1351 847 1393 Cereris
867 1353 1011 1405 Aug.¹⁰‚
1043 1353 1137 1393 item
1168 1366 1328 1407 corpor.
1353 1353 1361 1409 Ι
1387 1353 1631 1406 scapharior.
1663 1358 1703 1392 et
1731 1352 1876 1392 lenun-

164 1420 347 1461 cularior.
377 1420 530 1460 traiect.
561 1420 756 1461 Luculli¹¹
801 1428 840 1462 et
879 1420 885 1476 Ι
928 1421 1257 1474 dendrophorum
1296 1429 1336 1462 et
1370 1424 1540 1474 tegatur.
1575 1424 1597 1461 a
1626 1421 1714 1460 foro
1752 1426 1792 1459 et
1830 1419 1878 1458 de

165 1489 402 1536 sacomar.¹²,
428 1486 435 1544 Ι
471 1495 511 1529 ct
539 1488 718 1530 liberter.
749 1497 789 1530 et
818 1494 967 1531 servor.
998 1490 1239 1543 publicdr.¹⁸,
1278 1497 1318 1530 et
1352 1489 1533 1530 olearior.
1564 1495 1604 1529 et
1631 1488 1762 1527 iuven.
1789 1487 1796 1539 Ι
1822 1486 1878 1526 ci-

166 1557 359 1607 sianor.¹⁴,
390 1563 430 1597 et
450 1563 673 1598 veteranor.
695 1559 839 1611 Aug.¹⁶‚
870 1560 965 1600 item
986 1559 1276 1600 beneficiarior.
1299 1561 1409 1612 proc.
1436 1557 1444 1607 Ι
1471 1556 1614 1610 Aug:¹⁶‚
1637 1563 1676 1596 et
1694 1556 1879 1608 piscator.

167 1625 422 1679 propolar.¹⁷;
453 1627 627 1666 curatori
658 1626 768 1668 lusus
799 1628 1002 1669 iuvenalis.
1030 1626 1036 1684 Ι
1074 1627 1145 1669 Cn.
1178 1628 1339 1668 Sentius
1368 1625 1544 1666 Lucilius
1570 1624 1576 1680 Ι
1604 1623 1760 1665 Gamala
1792 1622 1882 1663 Clo-

168 1694 309 1734 dianus
338 1693 407 1742 f.¹⁸‚
436 1691 443 1747 Ι
467 1694 568 1746 patri
599 1695 957 1748 indulgentissimo.

286 1772 405 1807 Ostiae
427 1783 514 1816 rep„
538 1776 591 1806 est
612 1773 824 1808 Florentiae
849 1773 957 1816 (XIV
971 1776 1036 1809 409
1058 1775 1213 1808 vidimus
1236 1774 1380 1807 Henzen
1403 1777 1438 1806 et
1460 1772 1556 1815 ego).
1580 1790 1625 1796 -—
1655 1772 1687 1812 1)
1711 1770 1884 1802 Decurio-

171 1840 258 1863 num
274 1830 415 1864 decreto
431 1829 600 1863 aedilicio
617 1830 772 1875 adlecta,
797 1831 1033 1865 decurionum
1049 1832 1190 1865 decreto
1208 1831 1396 1864 decurioni
1410 1830 1560 1863 adlecto.
1576 1847 1622 1853 —
1639 1828 1673 1869 2)
1695 1826 1887 1869 Quaestori

173 1889 320 1922 aerarii.
350 1905 397 1913 —
433 1888 467 1929 3)
492 1886 696 1929 Quaestori.
725 1906 772 1913 —
806 1890 842 1930 4)
866 1888 964 1922 Idem
988 1900 1118 1932 corpus
1141 1887 1186 1921 Ν.
1210 1888 1305 1922 6440.
1336 1886 1427 1921 XIV
1436 1887 1517 1921 565.
1540 1886 1618 1920 564.
1648 1903 1695 1908 -
1730 1883 1765 1925 5)
1788 1882 1886 1915 Idem

174 1956 305 1991 corpus
330 1943 382 1978 VI
402 1944 505 1979 9682.
541 1962 587 1969 -
624 1946 659 1986 6)
685 1944 874 1987 lncenege:
909 1932 994 1978 item
1022 1946 1143 1988 gratis
1173 1945 1312 1977 adlecto
1343 1946 1382 1976 in
1407 1943 1596 1985 collegium
1625 1939 1775 1983 aliquod
1805 1949 1886 1972 con-

174 2007 300 2039 sistens
324 2001 373 2036 ad
395 1999 613 2044 quadrigam
635 1999 715 2040 fori
737 2002 885 2035 vinarii.
923 2001 1081 2044 Collegia
1104 2000 1181 2041 fori
1204 2002 1344 2034 vinarii
1366 1998 1470 2040 infra
1493 1998 1539 2033 N.
1555 1999 1651 2033 6468.
1667 2016 1713 2022 -
1739 1998 1772 2039 7)
1796 1995 1889 2030 Sunt

176 2062 345 2096 decuriae
369 2058 622 2102 apparitorum
647 2057 838 2091 duovirum
855 2061 890 2090 et
905 2058 1076 2091 aedilium
1095 2057 1320 2091 Ostiensium.
1356 2056 1511 2090 Eaedem
1526 2056 1697 2089 decuriae
1714 2052 1890 2097 (ea-ceptis

177 2118 392 2158 viatoribus)
409 2114 455 2148 Ν.
466 2114 562 2148 6448.
611 2113 759 2148 Scribas
782 2114 952 2148 librarios
979 2114 1154 2148 Ostienses
1177 2116 1284 2147 habes
1306 2117 1493 2158 praeterea
1517 2112 1563 2147 N.
1577 2113 1676 2146 4569.
1698 2109 1804 2150 6465ς
1836 2119 1890 2141 ce-

178 2173 298 2207 rarios
322 2168 425 2211 infra
448 2170 494 2205 Ν.
517 2171 614 2205 6450.
637 2171 734 2205 6454.
758 2189 804 2195 -
832 2172 866 2213 8)
888 2172 982 2214 Apte
1004 2173 1211 2214 iunguntur
1233 2172 1438 2214 argentarii
1457 2172 1534 2203 sive
1557 2171 1738 2203 coactores
1761 2174 1891 2208 argen-

181 2231 275 2264 tarii
295 2229 554 2272 praeconibus;
584 2226 632 2268 cll
657 2227 851 2261 Mommsen
875 2228 992 2262 Herm,
1016 2228 1061 2261 42
1083 2239 1118 2271 p.
1133 2229 1186 2263 94.
1203 2228 1278 2263 400.
1302 2247 1349 2253 -
1372 2229 1407 2270 9)
1432 2226 1487 2267 ef.
1511 2227 1556 2262 Ν.
1579 2226 1666 2261 6462
1690 2227 1765 2259 not.
1785 2225 1821 2258 5.
1845 2241 1891 2246 —-

184 2289 240 2329 10)
272 2285 327 2326 Cf.
357 2285 403 2319 N.
426 2285 513 2320 6453
536 2288 611 2319 not.
635 2285 653 2318 4
690 2289 723 2318 et
755 2286 798 2319 de
823 2285 949 2319 Cerere
972 2285 1017 2319 Ν.
1040 2287 1147 2321 5559.
1193 2285 1372 2319 Mensores
1402 2286 1615 2319 Porluenses
1643 2282 1691 2317 Ν.
1713 2282 1816 2316 4272.
1847 2299 1893 2305 —

183 2346 239 2387 11)
265 2342 319 2384 Cf.
343 2353 454 2386 supra
478 2340 525 2376 N.
546 2342 639 2376 4245
662 2345 736 2376 not.
755 2343 801 2384 2,·
829 2341 932 2382 infra
958 2341 1003 2377 Ν.
1026 2343 1109 2377 6474
1132 2345 1205 2376 not.
1228 2343 1265 2376 5.
1310 2342 1344 2375 Α
1369 2352 1438 2385 quo
1463 2340 1614 2374 Lucullo
1639 2341 1698 2373 hic
1721 2339 1894 2372 traiectus

182 2411 312 2435 nomen
336 2401 512 2439 habuerit.
542 2400 732 2434 incertum.
756 2418 802 2423 —
835 2401 890 2442 12)
915 2398 969 2439 Cll
993 2399 1038 2435 N.
1061 2399 1149 2434 6465
1174 2398 1265 2443 (not.
1288 2401 1338 2439 4).
1363 2417 1409 2422 -
1434 2399 1490 2440 13)
1513 2397 1742 2438 Intellegitur
1765 2403 1895 2437 corpus

183 2456 350 2498 familiae
367 2456 552 2500 publicae,
588 2455 636 2495 cf.
661 2455 708 2491 N.
731 2456 832 2491 6462.
854 2458 954 2491 6455.
990 2475 1036 2481 -
1075 2459 1128 2498 14)
1160 2456 1308 2489 Iuvenes
1340 2456 1470 2489 cisiani
1496 2455 1617 2496 ignoti
1648 2451 1795 2495 (cisiani
1817 2447 1895 2489 for-

186 2518 278 2549 tasse
307 2514 418 2548 iidem
447 2515 511 2557 qui
542 2514 632 2547 alibi
663 2513 835 2547 dicuntur
865 2513 1033 2558 cisiarii).
1069 2533 1113 2538 —
1151 2515 1206 2555 15)
1236 2513 1358 2546 Etiam
1388 2511 1547 2544 Puteolis
1574 2509 1738 2542 veterani
1766 2516 1896 2549 corpus

187 2570 407 2613 effecerunt,
438 2569 540 2611 infra
565 2570 612 2605 Ν.
626 2572 720 2606 6528
738 2569 827 2613 (not.
841 2569 888 2615 4).
923 2590 967 2595 -
1006 2571 1061 2612 16)
1092 2570 1262 2612 Intellege
1288 2571 1564 2613 procuratorem
1588 2575 1754 2599 annonae
1779 2563 1898 2597 Ostiae

189 2631 455 2669 consistentem,
488 2627 536 2668 cl}
560 2639 670 2671 supra
702 2626 749 2661 N.
771 2627 1008 2662 4427-4454,
1035 2627 1134 2661 4442.
1160 2626 1260 2661 4554.
1283 2645 1330 2650 -
1364 2626 1419 2667 17)
1446 2623 1500 2664 Cf.
1523 2634 1634 2666 supra
1658 2621 1704 2656 N.
1726 2621 1830 2655 5624.
1852 2637 1899 2644 -

192 2687 247 2728 18)
277 2686 373 2720 Idem
398 2685 594 2719 Clodianus
624 2686 661 2719 P.
686 2684 828 2718 Lucilio
863 2684 1031 2718 Gamalae
1060 2684 1167 2717 alteri
1193 2685 1309 2726 patri,
1339 2681 1503 2715 naturali
1533 2682 1576 2712 ut
1598 2679 1750 2719 videtur,
1777 2676 1901 2720 posuit

191 2743 335 2777 titulum
358 2745 423 2786 qui
444 2743 618 2785 sequitur.

305 2833 444 2880 6146*
480 2835 694 2876 memoriae
722 2833 728 2887 Ι
754 2834 794 2877 P.
813 2833 937 2874 Lucili
955 2833 1155 2874 Gamalae²
1183 2832 1189 2887 Ι
1215 2831 1273 2872 Cn
1305 2830 1465 2872 Sentius
1490 2828 1496 2884 Ι
1523 2828 1698 2869 Lucilius
1712 2825 1869 2866 Gamala
1891 2821 1898 2879 Ι

195 2903 406 2945 Clodianus
433 2904 438 2959 Ι
466 2904 580 2958 patri.

314 2971 431 3005 Ostiae
454 2973 531 3005 sine
554 2971 663 3005 dubio
694 2981 770 3013 rep.
794 2979 874 3002 cum
899 2980 940 3002 ea
971 2978 1063 3011 quae
1084 2967 1270 3011 praecedit
1299 2967 1530 3009 (quamquam
1555 2963 1596 2996 id
1617 2973 1690 2996 non
1715 2959 1904 3004 traditur),

199 3031 249 3061 est
270 3027 481 3062 Florentiae
505 3027 611 3073 (XIV
629 3028 694 3063 577
718 3027 886 3061 viderunt
910 3025 1052 3058 Henzen
1075 3026 1111 3057 et
1131 3021 1346 3066 Bormann).
1376 3040 1423 3047 -—
1461 3023 1492 3063 1)
1516 3020 1687 3054 Fortasse
1710 3020 1742 3051 is
1765 3018 1828 3060 qui
1849 3027 1903 3049 se-

199 3086 346 3127 quiem-,-
370 3085 523 3118 honores
545 3083 703 3124 fortasse
727 3084 926 3117 enumerati
949 3086 988 3115 in
1012 3081 1085 3115 alio
1111 3080 1216 3113 titulo
1242 3079 1396 3112 eiusdem
1419 3079 1640 3111 monumenti
1663 3075 1859 3119 deperdito.

1563 3171 1632 3204 35*
