2092 3360
190 150 273 189 310
926 146 1047 192 Caput
1069 147 1154 182 XII.

188 265 307 299 Mittk.
323 265 410 298 4889
431 274 467 306 p.
483 263 576 303 475).
600 281 645 286 -
672 263 702 303 1)
728 261 906 295 Videntur
928 261 1135 304 significari
1159 261 1201 297 L.
1221 261 1393 295 Minicius
1408 259 1526 301 Rufus
1549 262 1674 295 consul
1692 261 1902 295 ordinarius

189 325 226 355 et
240 321 281 355 L.
298 321 435 354 Plotius
454 319 595 362 Grypus
612 318 738 352 consul
753 318 836 360 suff:
853 328 886 352 a.
903 319 948 351 88
966 317 1084 358 (Gatti
1100 318 1187 353 bull.
1203 328 1344 353 comun.
1366 318 1390 352 l.
1406 317 1452 362 c.)
1462 328 1478 359 ,·
1501 319 1564 360 qui
1579 320 1699 351 tamen
1714 320 1746 351 si
1760 329 1801 352 re
1815 329 1902 352 vera

187 389 254 422 per
277 377 426 420 aliquod
448 379 585 418 tempus
608 375 719 408 simul
740 373 858 418 fasces
884 377 1087 417 tenuerunt,
1113 377 1208 410 certe
1230 385 1304 408 non
1328 385 1445 408 mense
1472 374 1545 408 Oct.
1570 375 1646 407 eius
1669 376 1758 408 anni
1764 387 1778 417 ;
1809 376 1904 409 unde

189 434 426 468 Momm-senus
450 433 604 465 coniecit
627 431 669 465 L.
687 431 797 465 Plotii
818 441 948 465 nomen
971 433 1202 466 substitutum
1226 442 1297 465 esse
1316 431 1521 466 Domitiani
1542 432 1682 464 nomini
1706 434 1790 465 tunc
1813 431 1905 466 deci-

190 501 285 524 mum
310 492 478 533 quartum
502 488 669 530 consulis,
695 490 729 521 et
750 491 919 522 tesseram
943 490 1036 522 lzanc
1059 487 1197 528 factam
1215 491 1301 532 post
1315 488 1519 522 Domitiani
1537 491 1688 521 mortem
1710 487 1860 523 demum.

303 547 357 579 De
374 547 514 579 tesseris
531 547 587 578 his
605 547 722 589 osseis,
744 545 802 579 vel
818 546 993 588 eburneis,
1015 547 1206 590 perparvis
1223 547 1396 587 omnibus,
1420 543 1561 586 formae
1578 544 1836 588 longiusculae,
1859 545 1907 578 ad

187 604 402 648 gestandum
418 605 460 636 ut
475 603 621 636 videtur
636 602 694 636 vel
709 602 981 646 appendendum
998 605 1105 646 aptis,
1130 613 1219 647 quas
1236 603 1285 636 ad
1296 602 1521 646 gladiatores
1536 603 1718 645 pertinere
1733 603 1807 634 iam
1823 611 1906 635 con-

190 663 360 702 sentiunt,
385 663 536 704 egerunt
551 659 689 694 Bitschl
705 670 825 703 opusc.
840 660 930 703 phil.
945 661 976 702 4,
992 660 1059 694 572
1072 671 1155 703 seq„
1179 659 1372 694 Mommsen
1388 659 1506 693 Herm.
1518 659 1574 702 24,
1591 659 1677 693 4886
1690 669 1728 702 p.
1739 659 1806 693 266
1814 669 1907 702 seq.;

190 719 292 752 Eller
307 728 396 751 mus.
413 716 524 751 Rhen.
539 716 592 758 44,
616 717 702 750 4886
715 727 752 760 p.
768 716 843 751 547.
893 716 991 759 Quae
1015 720 1100 750 ante
1123 726 1258 750 annum
1273 716 1362 750 4865
1381 716 1611 759 prodierant,
1635 718 1908 759 composuerunt

191 775 385 809 Mommsen
411 774 447 808 C.
464 774 492 808 1.
505 773 546 808 L.
571 774 593 807 I
612 773 665 808 ed.
682 773 701 806 4
726 784 762 817 p.
779 774 843 807 495
855 784 927 817 seq.
947 785 985 817 p.
1001 775 1089 815 560,·
1125 784 1216 817 quae
1239 783 1351 816 usque
1375 773 1424 807 ad
1446 785 1479 807 a.
1503 773 1599 816 4866,
1629 771 1767 806 Ritsclzl
1788 781 1908 816 opusc.

189 832 279 875 phil.
295 833 332 874 4,
347 832 424 865 569.
440 830 516 865 570.
532 832 595 865 644
606 841 688 873 seq„
710 830 902 874 plerasque
928 831 1121 864 delineavit
1136 829 1273 863 Bitschl
1293 831 1341 864 ib.
1362 831 1433 864 tab.
1450 829 1537 863 XXI
1539 828 1670 864 —X11.
1704 830 1829 863 Postea
1853 839 1908 862 re·

187 891 313 932 pertas
330 889 434 921 habes
452 891 527 921 tum
543 898 670 931 supra,
697 890 773 920 tum
791 887 827 922 C.
839 887 867 921 I.
881 887 923 922 L.
939 886 974 921 X
986 888 1086 930 8069,
1098 886 1130 922 4.
1146 886 1243 929 8070,
1254 887 1340 927 5.4,·
1364 887 1455 930 Eplz.
1470 897 1524 930 ep.
1535 887 1561 921 5
1574 897 1610 929 p.
1623 886 1808 920 464-465,
1825 886 1889 919 204
1895 898 1909 927 ,·

195 944 371 979 Garrucci
394 944 476 989 Syll.
501 947 609 980 inscr.
635 955 671 978 n.
687 944 794 979 2545.
817 944 920 979 2546.
943 945 1049 979 2585.
1072 942 1187 987 2586,·
1216 944 1309 977 Bull.
1328 943 1415 977 Inst.
1433 944 1530 977 arch.
1548 942 1636 976 4879
1655 953 1694 986 p.
1709 943 1799 985 252,
1822 943 1909 976 4880

190 1012 225 1045 p.
243 1002 317 1035 444.
339 1003 419 1043 227,
456 1002 545 1036 4882
567 1013 601 1044 p.
618 1004 653 1044 8,
687 1002 774 1035 4884
793 1012 832 1045 p.
849 1001 911 1042 44;
945 1001 1123 1036 Zeitsclzr.
1146 999 1175 1041 f.
1196 999 1372 1035 Numism.
1390 1000 1478 1034 4885
1500 1011 1536 1044 p.
1551 1001 1622 1035 582
1647 1003 1722 1033 not.
1738 999 1780 1041 4,·
1813 998 1908 1034 Bull.

193 1060 379 1092 comunale
394 1059 481 1092 4887
494 1070 530 1101 p.
542 1058 633 1099 237,·
656 1057 773 1093 Boem.
792 1058 911 1091 Mitth.
927 1058 1017 1092 4888
1029 1069 1067 1101 p.
1080 1058 1145 1099 945
1169 1057 1315 1091 Notizie
1339 1058 1437 1100 degli
1459 1058 1559 1090 soavi
1580 1056 1666 1091 4897
1687 1067 1722 1100 p.
1734 1056 1776 1100 7,·
1799 1060 1863 1090 cet.

308 1149 421 1196 5162
475 1150 587 1191 Celer
608 1151 748 1191 Erbuti
770 1153 796 1192 f.
818 1151 990 1192 Limicus
1017 1151 1023 1206 Ι
1050 1151 1174 1191 Borea
1196 1150 1515 1191 Cantibedoniesi
1544 1147 1550 1203 Ι
1575 1150 1753 1190 muneris
1782 1156 1910 1189 tesera

195 1219 302 1260 dedit
327 1219 331 1274 Ι
361 1232 468 1259 anno
500 1220 550 1260 M.
572 1219 725 1260 Licinio
757 1221 854 1264 cos.¹

309 1287 352 1320 In
375 1287 523 1320 Baetica
548 1287 598 1320 ad
618 1289 735 1329 ripam
759 1288 866 1328 fluvii
888 1287 954 1321 Rio
983 1286 1088 1320 Tinto
1113 1297 1199 1329 rep„
1231 1285 1352 1318 tabula
1378 1294 1497 1326 aerea,
1530 1295 1622 1328 quae
1649 1284 1793 1317 videtur
1822 1283 1909 1317 olim

193 1346 330 1388 parieti
352 1344 409 1378 vel
432 1355 519 1377 arae
543 1354 700 1387 appensa
723 1342 847 1387 fluisse,
872 1344 1000 1378 deinde
1023 1343 1168 1376 Matr-iti
1193 1342 1249 1383 (II
1267 1343 1365 1382 4965,
1390 1342 1408 1375 4
1435 1351 1514 1374 cum
1537 1342 1708 1384 imagine,
1732 1339 1779 1381 cf:
1795 1340 1909 1384 suppl.

190 1412 229 1445 p.
245 1402 359 1443 4000).
405 1401 458 1433 De
483 1401 550 1433 lzac
575 1401 698 1434 tabula
724 1400 771 1441 cs:
797 1401 990 1434 Mommsen
1016 1401 1132 1433 Herm.
1149 1399 1206 1441 24,
1231 1399 1316 1433 4886
1339 1410 1374 1442 p.
1387 1399 1454 1432 275
1479 1401 1553 1432 not.
1568 1399 1599 1432 4.
1623 1416 1669 1421 —
1702 1397 1734 1439 1)
1759 1396 1911 1430 Videtur

196 1458 403 1501 significari
421 1467 538 1491 annus
559 1468 596 1501 p.
623 1457 704 1491 Clzr.
728 1458 795 1501 27,·
827 1456 874 1497 cf.
900 1457 1094 1490 Mommsen
1118 1457 1140 1490 l.
1165 1467 1194 1490 c.

257 1662 467 1713 Senatus
503 1663 773 1712 consultum
810 1663 869 1712 de
906 1662 1175 1726 sumptibus
1209 1661 1428 1710 ludorum
1465 1658 1856 1724 gladiatoriorum

911 1741 1198 1791 minuendis.

314 1832 427 1879 5163
477 1864 618 1874 .....
646 1833 652 1889 Ι
685 1834 735 1885 (1)
757 1840 904 1874 tantam
937 1834 1042 1874 illam
1072 1839 1224 1885 pestem
1258 1832 1365 1872 nulla
1396 1830 1589 1872 medicina
1622 1829 1753 1871 sanari
1783 1841 1912 1882 posse.

200 1904 282 1944 Nec
312 1908 490 1956 poterat3
533 1914 668 1942 verum
699 1902 827 1942 nostri
857 1902 1075 1955 principes,
1115 1901 1260 1954 quibus
1299 1912 1418 1940 omne
1457 1899 1630 1940 studium
1667 1905 1727 1938 est
1763 1903 1912 1950 quanto

200 1969 315 2027 1ἰΙ-(2)
328 1971 396 2012 bet
425 1971 566 2011 morbo
587 1971 753 2011 salutem
783 1970 982 2023 publicam
1007 1982 1176 2011 mersam
1209 1975 1248 2009 et
1268 1974 1447 2009 enectam
1468 1968 1645 2007 refovere
1676 1973 1716 2007 et
1734 1967 1913 2019 integrae

199 2040 414 2080 valetudini
445 2039 622 2088 reddere,
663 2039 702 2079 in
735 2039 872 2091 primis
903 2039 1034 2079 anima
1065 2038 1320 2078 adverterunt
1345 2041 1443 2086 (sic),
1484 2048 1583 2089 quae
1610 2033 1616 2091 Ι
1642 2036 1691 2086 (3)
1713 2047 1829 2075 causa
1859 2033 1915 2074 illi

201 2108 344 2149 morbo
383 2108 485 2148 vires
525 2107 654 2155 daret,
695 2108 801 2148 unde
840 2108 954 2148 foeda
995 2114 1035 2147 et
1063 2106 1213 2146 inlicita
1244 2106 1446 2159 vectigalia
1482 2105 1544 2145 ius
1573 2103 1787 2152 baberent,
1828 2102 1915 2154 quis

203 2183 343 2217 auctor
384 2184 422 2217 et
461 2181 655 2228 patronus
693 2182 796 2215 esset
833 2176 1073 2228 usurpandis
1109 2175 1221 2227 quasi
1248 2174 1254 2228 Ι
1280 2173 1331 2228 (4)
1353 2173 1548 2227 legitimis,
1588 2183 1690 2224 quae
1730 2169 1914 2211 omnibus

204 2244 361 2297 legibus
391 2251 430 2285 et
461 2244 602 2285 divinis
631 2249 671 2283 et
700 2244 883 2284 humanis
912 2243 1190 2296 prohibentur.
1218 2241 1223 2296 Ι

319 2314 371 2365 (5)
389 2312 527 2353 Fiscus
554 2313 771 2353 dicebatur.
812 2312 949 2352 Fiscus
981 2325 1061 2351 non
1083 2311 1171 2360 sibi,
1203 2317 1263 2351 set
1293 2310 1360 2363 qui
1390 2309 1571 2350 lanienae
1601 2307 1768 2348 aliorum
1797 2317 1914 2360 prae-

205 2387 418 2430 texeretur,
448 2382 563 2422 tertia
583 2382 644 2422 vel
665 2386 803 2433 quarta
830 2386 943 2433 parte
964 2379 1011 2419 ad
1031 2379 1230 2420 licentiam
1251 2379 1389 2419 foedae
1410 2378 1573 2430 rapinae
1599 2372 1716 2430 invil-
1734 2375 1782 2426 (6)
1797 2379 1914 2414 tatus.

206 2450 343 2501 Itaque
374 2451 512 2491 fiscum
543 2453 798 2490 removerunt
827 2460 848 2487 a
879 2454 960 2488 tota
990 2448 1172 2487 harena¹.
1232 2446 1335 2494 Quid
1364 2446 1468 2487 enim
1505 2445 1625 2486 Marci
1655 2441 1846 2483 Antonini
1877 2447 1916 2482 et

206 2518 304 2558 Luci
336 2517 566 2558 Commodi²
603 2515 846 2558 cavendum³
884 2517 980 2556 fisco
1011 2528 1100 2556 cum
1132 2512 1318 2570 hercl-(7)
1336 2512 1416 2554 na?
1477 2513 1615 2554 Omnis
1643 2510 1812 2564 pecunia
1843 2510 1915 2550 bo-

206 2598 296 2626 rum
337 2586 563 2639 principum
601 2585 716 2626 cura⁴
755 2590 814 2626 est
845 2584 950 2624 nulla
989 2583 1144 2624 cruoris
1173 2583 1335 2623 humani
1374 2581 1609 2634 adspergine
1639 2578 1914 2627 contaminata,

209 2653 327 2693 nullis
357 2654 543 2695 sordibus
573 2653 677 2694 foedi
710 2650 842 2706 quael·
861 2653 909 2705 (8)
927 2659 1010 2693 stus
1041 2652 1247 2704 inquinata
1268 2658 1308 2691 et
1329 2663 1429 2703 quae
1448 2655 1527 2690 tam
1547 2653 1704 2689 sanctae
1730 2652 1814 2695 (sic)
1845 2658 1915 2699 pa-

208 2727 318 2761 ratur
357 2734 474 2773 quam
504 2722 730 2762 insumitur.
790 2722 927 2774 Itaque
956 2722 1120 2761 facessat
1150 2720 1230 2760 sive
1261 2719 1348 2759 illut
1376 2717 1611 2759 ducentiens
1644 2714 1818 2755 annum⁵
1846 2726 1915 2755 seu

210 2791 421 2830 trecenties
448 2789 454 2844 Ι
481 2791 531 2842 (9)
552 2790 653 2840 est⁸;
693 2790 786 2831 satis
817 2790 991 2843 amplum
1022 2787 1311 2842 patrocinium⁷
1340 2786 1507 2839 imperio
1536 2783 1684 2837 parati⁸
1713 2795 1761 2823 ex
1791 2782 1916 2835 parsi-

209 2858 342 2897 monia
372 2865 519 2907 vestra3
565 2858 660 2911 quin
703 2858 819 2898 etiam
860 2871 907 2898 ex
945 2857 1108 2909 reliquis
1143 2857 1394 2902 lanistarum,
1436 2865 1537 2906 quae
1563 2851 1639 2892 Hs
1664 2851 1917 2904 quingenties

211 2922 289 2980 sul·
306 2926 374 2978 (10)
392 2939 462 2979 pra
503 2933 608 2975 sunt,
647 2939 739 2980 pars
770 2927 920 2966 lanistis
951 2924 1238 2966 condonetur⁹.
1299 2922 1358 2964 Ob
1391 2933 1502 2974 quae,
1536 2932 1607 2960 oro
1638 2933 1719 2968 vos,
1751 2917 1917 2960 merita?

212 2993 326 3034 Nulla
346 3007 453 3043 sane,
484 2995 684 3047 inquiunt,
715 2995 866 3043 merita,
897 3000 957 3034 set
977 2992 1166 3046 prohibiti
1186 2990 1331 3031 talibus
1350 2989 1585 3042 grassaturis
1605 2986 1799 3042 solal-(n)
1812 2987 1915 3028 cium

212 3061 340 3102 ferant
371 3069 410 3102 et
438 3063 478 3102 in
510 3070 712 3115 posterum
745 3068 853 3102 tanto
884 3062 1011 3114 pretio
1042 3061 1259 3101 invitentur
1287 3058 1334 3099 ad
1364 3057 1598 3111 opsequium
1620 3051 1915 3110 humanitatis}
