2092 3360
240 154 323 191 520
962 154 1082 199 Caput
1104 154 1224 191 XIIII.

235 268 363 321 Q!
400 266 696 321 disltributione
728 268 941 318 curiarum,
973 269 1021 308 de
1047 282 1123 321 qua
1154 281 1273 322 supra
1296 267 1635 323 conlprehensum
1655 279 1727 321 est,
1757 273 1942 326 suffragia

238 337 331 377 ferri
364 333 593 386 debelbunt,
624 335 676 375 ita
696 347 769 388 per
788 335 970 385 tabellam
1001 337 1181 377 ferantur
1210 337 1340 377 facito.
1376 337 1382 392 Ι
1417 337 1575 390 Quique
1595 339 1648 379 ita
1669 341 1789 380 creati
1812 348 1942 391 erunt,

236 404 262 444 ii
293 416 442 444 annum
473 415 597 443 unum
631 400 637 457 Ι
679 409 762 453 aut,
793 404 826 444 si
857 404 897 444 in
930 404 1090 445 alterius
1120 405 1252 445 locum
1282 406 1402 446 creati
1434 413 1569 455 erunt,
1604 406 1610 462 Ι
1650 407 1801 460 reliqua
1831 415 1942 461 parte

236 472 356 512 eiius⁹
385 471 479 511 anni
511 471 550 511 in
584 483 631 511 eo
662 471 815 512 honore
843 469 849 526 Ι
875 477 1009 522 sunto,
1046 486 1163 525 quem
1199 474 1381 527 suffragis
1416 480 1536 515 erunt
1570 476 1788 516 consecuti.
1815 474 1822 532 Ι

289 574 338 613 R.
387 574 438 613 ln
472 586 565 625 qua
599 574 738 614 curia
770 574 971 614 incolae
1002 575 1254 628 suffragia
1281 574 1286 630 Ι
1314 577 1497 616 ferant.
1526 575 1531 632 Ι

346 641 446 681 Llll.
508 642 758 694 Quicumque
787 643 829 682 in
861 655 908 683 eo
938 643 1156 696 municipio
1195 644 1352 684 comitia
1383 644 1524 694 llviris‚
1565 649 1572 699 Ι
1612 646 1706 686 item
1737 646 1941 697 aedilibus,

232 710 324 750 item
356 709 630 762 quaestoribus
661 707 863 766 roganldis
892 710 1067 760 habebit,
1098 724 1146 752 ex
1167 713 1287 753 curiis
1317 718 1424 753 sorte
1445 712 1577 754 ducito
1607 726 1741 763 unam,
1768 712 1774 767 Ι
1801 714 1843 754 in
1865 727 1942 767 qua

231 778 396 827 incolae,
428 778 495 830 qui
527 779 630 818 cives
660 778 740 822 R.¹⁰
767 778 944 819 Latinive
974 780 1078 820 cives
1112 778 1117 834 Ι
1154 786 1283 828 erunt,
1315 781 1541 833 suffragi0¹¹
1572 782 1714 830 ferant,
1743 782 1878 835 eisque
1899 783 1939 823 in

231 859 274 886 ea
307 842 430 902 culria
459 847 621 899 suffragi
650 846 743 887 latio
771 853 868 888 esto.
897 846 902 901 Ι

286 938 335 977 Β.
387 938 599 985 Quorum
632 939 826 979 comitis
855 938 1105 979 rationem
1136 936 1327 995 habelri
1360 946 1606 992 oporteat.
1635 939 1641 996 Ι

345 1006 462 1046 Lllll.
523 1006 599 1053 Qui
630 1007 786 1047 comitia
815 1007 962 1047 habere
992 1007 1162 1056 debebit,
1200 1008 1232 1048 is
1262 1008 1433 1061 primum
1464 1008 1571 1050 llvir.
1612 1008 1618 1064 Ι
1660 1010 1727 1062 qui
1757 1010 1844 1050 iure
1879 1011 1942 1051 di·

229 1074 360 1114 cundo
381 1074 566 1127 praesit¹²
595 1088 642 1115 ex
664 1088 710 1115 eo
732 1088 878 1127 genere
908 1071 1186 1130 in'genuorum
1218 1076 1439 1125 hominum,
1471 1076 1519 1117 de
1541 1089 1619 1129 quo
1651 1077 1689 1117 h.
1711 1078 1736 1117 l.
1767 1075 1938 1134 caultum

228 1143 629 1196 conprehensumque
675 1150 751 1193 est,
803 1143 945 1184 deinde
989 1143 1182 1198 proxilmo
1229 1157 1388 1196 quoque
1432 1150 1612 1198 tempore
1656 1146 1801 1187 aediles
1844 1147 1938 1187 item

229 1212 472 1263 quaestolres
512 1224 559 1251 ex
590 1224 637 1252 eo
669 1224 816 1264 genere
846 1212 1112 1264 ingenuorum
1144 1211 1369 1260 hominnm,
1412 1211 1417 1266 Ι
1458 1213 1506 1253 de
1536 1226 1616 1265 quo
1652 1214 1691 1253 h.
1722 1214 1747 1254 l.
1778 1220 1937 1254 cautum

228 1280 630 1332 conprehensumque
662 1287 738 1330 est,¹
767 1278 773 1336 Ι
806 1279 1018 1320 creando¹³
1048 1286 1185 1320 curato
1196 1291 1207 1330 ;
1253 1281 1344 1320 dum
1378 1293 1427 1320 ne
1458 1281 1586 1322 cuiius
1616 1282 1786 1335 comi'tis
1816 1283 1936 1323 ratio-

227 1360 318 1387 nem
340 1348 495 1397 habeat,
527 1349 592 1400 qui
614 1348 819 1389 IIviratum
849 1346 972 1402 peltet
1001 1348 1079 1388 et¹⁴
1108 1349 1176 1400 qui
1198 1348 1328 1388 minor
1349 1361 1545 1389 annorum
1568 1349 1670 1389 XXV
1691 1350 1778 1398 erit,
1808 1348 1935 1405 quilve

226 1417 330 1456 intra
361 1417 683 1469 quinquennium
715 1418 755 1458 in
789 1430 835 1457 eo
865 1417 1019 1457 honore
1047 1414 1052 1471 Ι
1080 1417 1229 1456 fuerint
1239 1428 1251 1466 ;
1287 1417 1379 1456 item
1402 1418 1469 1469 qui
1490 1417 1724 1458 aedilitatem
1746 1425 1936 1470 quaestu-

226 1482 367 1539 ramlve
403 1490 523 1537 petet,
561 1485 629 1536 qui
663 1485 796 1525 minor
830 1497 946 1537 quam
982 1497 1123 1524 annor.
1158 1484 1261 1524 XXV
1296 1485 1383 1533 erit,
1416 1486 1422 1536 Ι
1464 1486 1578 1538 quive
1611 1486 1652 1526 in
1687 1499 1821 1527 earum
1858 1499 1934 1540 qua

225 1565 341 1593 causa
373 1552 458 1601 erit,
494 1558 660 1605 propter
681 1550 696 1607 ΙΙ
719 1565 849 1605 quam,
881 1553 911 1593 si
943 1565 976 1592 c.
1000 1553 1077 1592 R.¹⁶
1113 1560 1226 1601 esset,
1257 1553 1298 1593 in
1333 1566 1502 1594 numero
1532 1552 1806 1609 decurioluum
1836 1567 1934 1595 con-

224 1621 510 1674 scriptorumve
541 1633 630 1661 eum
662 1634 748 1661 esse
778 1634 860 1661 non
892 1618 1054 1676 licelret.

279 1700 329 1740 R.
371 1701 435 1741 De
466 1692 718 1753 suffragio
749 1701 976 1742 serendo.
1005 1702 1010 1754 Ι

337 1769 415 1809 LV.
475 1769 552 1816 Qui
586 1769 746 1809 comitia
780 1783 828 1809 ex
863 1770 900 1810 h.
933 1770 958 1810 l.
995 1768 1176 1817 habebit,
1212 1769 1244 1809 is
1279 1768 1500 1821 municipes
1535 1769 1729 1819 culriatim
1763 1770 1810 1810 ad
1845 1771 1930 1810 suf-
1992 1764 1996 1768 ’

220 1836 387 1890 fragium
425 1837 633 1878 ferendum
668 1836 819 1891 vocalto
856 1838 927 1887 ita,
964 1844 1007 1878 ut
1042 1850 1124 1878 uno
1159 1843 1298 1877 vocatu
1336 1849 1475 1877 omnes
1510 1837 1638 1878 curias
1673 1838 1714 1878 in
1748 1835 1754 1894 Ι
1786 1838 1928 1879 suffra-

219 1906 326 1957 gium
348 1911 473 1953 vocet,
495 1918 642 1958 eaeque
663 1906 843 1957 singulae
862 1906 902 1946 in
932 1904 938 1959 Ι
964 1905 1131 1957 singulis
1151 1905 1376 1958 consaeptis
1396 1905 1627 1957 suffragium
1647 1918 1720 1958 per
1733 1901 1929 1961 talbellam

219 1975 361 2014 ferant.
420 1973 600 2026 Itemque
630 1980 780 2027 curato,
811 1979 856 2014 ut
885 1974 932 2013 ad
964 1970 1116 2028 cisltam
1147 1973 1354 2025 cuiiusque
1386 1973 1516 2014 curiae
1547 1987 1594 2014 ex
1624 1973 1891 2026 municipibus
1917 1971 1925 2030 Ι

219 2042 318 2082 eiius
348 2041 542 2094 municipi
572 2042 675 2082 terni
707 2042 799 2090 sint,
840 2042 908 2094 qui
938 2042 1037 2082 eiius
1069 2040 1212 2096 culriae
1243 2055 1325 2082 non
1357 2042 1449 2090 sint,
1484 2042 1551 2094 qui
1581 2042 1766 2094 suffragia
1795 2048 1927 2083 custo-

219 2109 328 2149 diant
353 2109 359 2164 Ι
387 2103 601 2158 diribeant‚
639 2116 678 2150 et
708 2110 764 2150 uti
796 2117 1007 2162 antequam
1049 2111 1086 2150 id
1127 2110 1274 2151 faciant
1312 2107 1493 2164 qulisque
1528 2122 1665 2150 eorum
1694 2110 1840 2159 iurent,
1884 2122 1927 2151 se

218 2178 412 2218 rationem
443 2175 733 2232 suffralgiorum
772 2179 848 2218 fide
878 2178 982 2218 bona
1014 2179 1238 2219 habiturum
1276 2175 1599 2233 relaturumlque.
1658 2179 1762 2219 Neve
1791 2178 1926 2231 prohi-

217 2242 353 2301 b[e]to‚
384 2258 422 2297 q.
445 2245 513 2285 m.⁸
550 2252 589 2285 et
610 2246 677 2298 qui
697 2245 904 2300 honolrem
937 2253 1075 2299 petent
1099 2247 1277 2300 singulos
1308 2246 1491 2287 custodes
1521 2246 1570 2286 ad
1590 2242 1777 2303 singullas
1811 2246 1926 2287 cistas

216 2320 381 2366 ponant.
440 2313 551 2365 lique
582 2314 767 2354 custodes
795 2314 844 2354 ab
876 2327 923 2354 eo
951 2313 957 2368 Ι
985 2315 1051 2367 qui
1083 2315 1241 2355 comitia
1270 2314 1443 2363 habebit,
1475 2314 1568 2355 item
1601 2313 1649 2354 ab
1681 2315 1742 2355 his
1770 2313 1887 2367 positi
1914 2313 1922 2370 Ι

217 2381 283 2433 qui
304 2381 499 2421 honorem
519 2388 669 2434 petent,
699 2382 741 2422 in
764 2395 809 2423 ea
828 2383 938 2423 curia
959 2380 1139 2437 quislque
1170 2395 1308 2423 eorum
1329 2383 1515 2434 suffragio
1528 2383 1554 2404 ¹¹
1585 2384 1699 2432 ferto,
1729 2382 1777 2422 ad
1799 2381 1925 2422 cuiius

217 2451 360 2505 culriae
391 2450 528 2490 cistam
559 2456 692 2491 custos
722 2451 874 2504 positus
895 2451 982 2500 erit,
1014 2448 1277 2507 e[o]rum{que
1298 2452 1483 2504 suffragia
1513 2451 1679 2504 perinde
1699 2451 1799 2491 iusta
1819 2456 1922 2490 rata-

216 2532 293 2570 que
322 2514 453 2573 sunlto
485 2531 530 2559 ac
560 2519 592 2558 si
623 2519 663 2559 in
695 2532 765 2560 sua
795 2520 963 2572 quisque
998 2521 1107 2560 curia
1138 2521 1367 2572 suffragium
1394 2518 1401 2575 Ι
1427 2520 1593 2560 tulisset.

306 2675 341 2720 9)
366 2676 427 2710 Sic
443 2675 581 2719 (EllVS)
599 2687 713 2720 paene
730 2679 936 2710 constanter
951 2679 1125 2721 scriptum
1142 2679 1181 2709 in
1199 2679 1266 2710 hac
1283 2677 1417 2717 tabula,
1441 2686 1644 2720 semperque
1661 2674 1813 2718 cvnVS,
1837 2677 1922 2709 item

213 2733 319 2765 semel
331 2734 423 2776 (cap.
440 2733 501 2777 59)
521 2733 695 2767 maiiorem
712 2732 776 2777 (cf2
793 2734 828 2768 C.
837 2735 863 2768 I.
873 2734 913 2768 L.
931 2734 970 2767 11
983 2734 1056 2768 ind.
1067 2743 1220 2776 gramm.
1231 2744 1269 2776 p.
1279 2732 1393 2778 4188).
1416 2733 1470 2765 De
1482 2733 1667 2775 geminata
1681 2730 1696 2764 1
1708 2729 1755 2771 cf:
1771 2731 1921 2774 Quintil.

214 2790 296 2822 inst.
314 2789 345 2831 4,
360 2790 392 2831 4,
409 2789 460 2830 Μ,
478 2792 543 2824 cet.
581 2789 668 2824 Noli
684 2793 803 2823 autem
821 2792 973 2834 propter
989 2791 1080 2824 hanc
1095 2790 1277 2823 scribendi
1291 2791 1469 2822 rationem
1493 2788 1636 2821 credere
1653 2788 1812 2822 tabulam
1828 2789 1922 2822 hano

214 2847 477 2888 antiquioribus
501 2848 718 2890 temporibus
739 2849 892 2881 incisam
916 2858 988 2880 esse
1010 2857 1116 2890 quam
1141 2846 1186 2881 N.
1201 2847 1300 2888 6088,
1323 2847 1363 2878 in
1387 2855 1458 2889 qua
1480 2844 1587 2878 solito
1610 2854 1710 2878 more
1733 2845 1744 2878 i
1768 2844 1922 2888 simple-‘e

211 2903 392 2938 scribitur.
428 2901 503 2936 Nec
521 2903 718 2946 quidquam
735 2906 769 2937 ei
783 2905 839 2937 rei
856 2904 1083 2937 tribuendum
1100 2903 1197 2947 quod
1211 2903 1325 2936 altera
1343 2901 1356 2935 1
1365 2901 1576 2945 plerumque
1593 2902 1723 2934 eminet
1738 2903 1776 2935 in
1793 2901 1917 2944 altum,

212 2968 296 2991 nam
313 2961 420 2991 etiam
437 2959 531 2992 aliae
548 2960 687 2993 litterae
704 2961 903 3004 complures
925 2971 1029 3004 saepe
1045 2960 1143 2993 ultra
1165 2959 1388 3002 reliquarum
1403 2958 1632 2992 altitudinem
1655 2959 1695 2991 in
1711 2958 1779 2991 liae
1795 2957 1918 2991 tabula

207 3015 463 3056 producuntur
487 3016 668 3055 (Huebner
686 3016 720 3052 C.
734 3017 761 3051 1.
776 3017 816 3051 L.
841 3018 880 3050 11
898 3028 935 3060 p.
947 3015 1064 3060 25912).
1080 3034 1124 3041 -
1152 3017 1206 3058 10)
1230 3014 1451 3049 Romani.-
1477 3016 1532 3057 11)
1557 3014 1633 3049 Ser.
1650 3013 1919 3057 suffragium.—

216 3072 268 3111 12)
293 3070 369 3104 Ser.
394 3071 555 3114 praesint.
575 3090 617 3096 —
646 3074 700 3115 13)
725 3073 802 3107 Ser.
828 3072 1002 3107 creandos.
1027 3091 1070 3097 -
1098 3073 1151 3114 14)
1176 3071 1262 3104 Dele
1285 3074 1330 3104 et.
1353 3090 1399 3096 —
1426 3072 1480 3114 15)
1507 3071 1599 3105 Civis
1622 3070 1813 3105 Romanus.
