2092 3360
251 166 336 205 524
665 209 671 213 .
974 165 1093 210 Caput
1115 165 1236 200 XIIH.

251 278 377 333 Q!
456 281 504 321 R.
556 280 614 320 Ut
643 280 716 320 ius
747 280 952 320 dicatur
981 293 1002 320 e
1034 280 1146 332 lege
1179 279 1313 319 dicta
1344 280 1621 332 praedibus
1648 279 1653 335 Ι
1681 288 1727 321 et
1755 281 1959 334 praedis

557 347 853 388 vendundis.
881 346 888 401 Ι

362 416 473 456 LXV.
534 415 644 463 Quos
663 416 830 468 praedes
851 428 1032 468 quaeque
1054 416 1213 469 praedia
1234 428 1414 469 quosque
1436 413 1677 472 coglnitores
1696 417 1806 458 IIviri
1826 419 1958 460 muni-

250 485 341 537 cipii
372 484 477 524 Flavi
508 480 743 539 Malaciltani
774 484 813 526 h.
846 484 870 527 l.
902 484 1163 533 vendiderint,
1202 484 1250 524 de
1285 485 1332 525 iis
1363 485 1603 537 quicumque
1630 484 1637 539 Ι
1663 486 1688 525 i.
1718 485 1754 530 d.
1787 486 1871 540 p.⁴⁸,
1909 487 1958 528 ad

249 564 366 604 quem
397 551 444 592 de
475 564 519 591 ea
550 564 594 592 re
624 552 665 591 in
696 551 759 592 ius
788 552 936 593 aditum
968 553 1055 602 erit,
1084 551 1089 607 Ι
1123 553 1174 593 ita
1205 553 1266 594 ius
1297 553 1415 593 dicito
1446 553 1668 606 iudiciaque
1697 553 1802 603 dato,
1833 559 1878 595 ut
1907 555 1958 605 ei,

248 620 314 673 qui
341 618 347 675 Ι
375 633 442 660 eos
462 621 628 673 praedes
657 620 886 672 cognitores
916 633 961 662 ea
982 621 1142 674 praedia
1172 618 1351 677 merlcati
1373 628 1503 671 erunt,
1534 622 1700 674 praedes
1720 622 1857 663 socii⁴⁴
1885 623 1958 664 he-

247 689 441 740 redesque
471 700 608 728 eorum
635 687 642 742 Ι
679 689 846 741 isque⁴⁶‚
877 689 925 729 ad
957 702 1058 742 quos
1089 702 1132 730 ea
1162 702 1226 730 res
1258 690 1485 743 pertinebit,
1516 690 1564 730 de
1594 690 1627 731 is
1656 690 1778 732 rebus
1803 691 1811 746 Ι
1842 703 1958 745 agere

247 769 390 809 easque
421 769 485 797 res
514 764 650 809 petere
679 758 865 810 persequi
894 756 1015 814 relcte
1046 758 1184 811 possit.

302 848 352 887 R.
406 848 473 888 De
504 848 675 898 multa,
711 861 833 901 quae
865 849 999 889 dicta
1035 848 1181 902 erit!

359 915 491 956 LXVI.
550 916 693 957 Multas
731 917 772 957 in
811 930 858 957 eo
898 917 1117 970 municipio
1156 917 1205 958 ab
1236 908 1366 958 iiviris
1397 915 1657 973 praessfectove
1687 917 1824 967 dictas,
1862 918 1957 959 item

246 983 294 1023 ab
325 985 514 1025 aedilibus
545 998 643 1037 quas
672 982 832 1039 aeldiles
862 985 1006 1026 dixisse
1035 999 1078 1026 se
1108 992 1204 1039 aput
1233 986 1374 1026 IIviros
1403 985 1520 1026 ambo
1550 983 1710 1042 alterlve
1740 999 1788 1027 ex
1808 987 1842 1028 is
1861 998 1958 1041 pro-

246 1053 338 1093 fessi
369 1060 498 1102 erunt,
538 1053 645 1102 IIvir‚
685 1054 754 1106 qui
783 1054 807 1097 i.
840 1054 878 1094 d.
909 1054 992 1106 p.⁴³‚
1032 1054 1071 1094 in
1101 1052 1107 1109 Ι
1132 1053 1285 1094 tabulas
1315 1066 1547 1094 communes
1577 1054 1824 1107 municipum
1858 1055 1959 1096 eiius

245 1117 453 1176 mulnicipi
484 1122 622 1162 referri
654 1122 802 1163 iubeto.
863 1122 905 1162 Si
936 1122 1001 1162 cui
1032 1135 1076 1162 ea
1106 1123 1227 1162 multa
1266 1122 1369 1162 dicta
1411 1120 1417 1175 Ι
1458 1122 1533 1162 erit
1562 1128 1630 1163 aut
1660 1123 1823 1163 nomine
1858 1123 1958 1164 eiius

245 1189 343 1228 alius
372 1189 602 1241 postulabit,
636 1196 681 1230 ut
707 1187 713 1245 Ι
739 1191 788 1230 de
818 1203 863 1231 ea
893 1190 941 1230 ad
972 1190 1208 1231 decuriones
1242 1190 1538 1242 conscriptosve
1574 1190 1794 1245 refelratun
1828 1190 1878 1231 de
1912 1204 1958 1232 ea

245 1256 505 1299 decurionum
529 1258 907 1312 conscriptorumlve
931 1258 1118 1298 iudicium
1140 1264 1239 1299 esto.
1298 1257 1489 1310 Quaeque
1518 1258 1664 1298 multae
1694 1271 1778 1299 non
1803 1257 1811 1314 Ι
1839 1266 1959 1301 erunt

246 1325 414 1366 iniustae
454 1338 475 1365 a
516 1326 800 1367 decurionibus
841 1323 1141 1382 conflscriptisve
1180 1326 1392 1371 iudicatae,
1434 1338 1498 1366 eas
1539 1326 1679 1367 multas
1717 1327 1826 1368 Ilviri
1866 1326 1875 1381 Ι
1913 1329 1956 1369 in

246 1393 448 1445 publicum
484 1393 731 1447 municipum
767 1394 867 1435 eiius
899 1395 1106 1448 municipii
1137 1395 1362 1447 redigunto.
1390 1392 1396 1449 Ι

301 1484 348 1524 R.
401 1485 465 1524 De
506 1486 716 1537 pecunia
759 1487 1007 1526 communi
1049 1486 1357 1538 municipum
1405 1483 1410 1541 Ι
1456 1486 1618 1538 deque
1658 1486 1957 1528 rationibus

398 1554 685 1593 eorundem.
713 1551 720 1608 Ι

358 1622 508 1662 LXVII.
550 1623 608 1662 Ad
630 1636 748 1675 quem
770 1623 939 1676 pecunia
971 1624 1194 1664 communis
1224 1623 1469 1676 municipum
1497 1621 1503 1676 Ι
1531 1623 1630 1663 eiius
1650 1623 1843 1676 municipi
1862 1636 1956 1676 per-

244 1691 408 1738 venerit,
444 1692 605 1731 heresve
637 1688 759 1747 eilius,
794 1692 874 1732 isve
909 1691 957 1732 ad
992 1705 1111 1744 quem
1149 1705 1192 1732 ea
1227 1705 1291 1733 res
1325 1691 1554 1744 pertinebit,
1591 1691 1631 1731 in
1669 1690 1820 1740 dielbus
1849 1691 1956 1733 XXX

245 1759 448 1811 proximis,
485 1759 628 1812 quibus
663 1773 707 1800 ea
742 1761 911 1813 pecunia
938 1759 943 1814 Ι
970 1760 1018 1800 ad
1054 1773 1143 1801 eum
1179 1760 1419 1813 pervenerit,
1458 1760 1500 1799 in
1535 1759 1739 1812 publicum
1773 1760 1957 1809 munilci-

243 1839 337 1880 pum
368 1828 467 1867 eiius
497 1828 689 1881 municipi
723 1841 808 1868 eam
840 1829 999 1868 referto.
1060 1827 1235 1883 Qui'que
1255 1829 1430 1868 rationes
1450 1839 1683 1868 communes
1706 1828 1959 1881 negotiumve

245 1892 367 1952 qulod
399 1892 637 1952 commun[e]
670 1897 918 1949 municipum
951 1897 1035 1937 eius
1070 1894 1278 1952 municiipi
1317 1897 1485 1948 gesserit
1522 1896 1766 1946 tractaverit,
1805 1897 1852 1947 is,
1885 1897 1958 1938 he-

243 1976 355 2004 resve
385 1964 520 2005 eiius⁴⁶
547 1962 553 2019 Ι
580 1965 627 2004 ad
659 1977 776 2017 quem
807 1977 852 2005 ea
883 1977 947 2005 res
977 1965 1204 2017 pertinebit,
1235 1965 1276 2005 in
1307 1964 1447 2005 diebus
1465 1963 1573 2004 XXX
1596 1962 1602 2020 Ι
1629 1965 1834 2017 proximis,
1868 1966 1960 2019 qui-

245 2033 318 2073 bus
349 2045 394 2072 ea
425 2034 584 2085 negotia
620 2045 732 2074 easve
763 2031 957 2089 ratiolnes
991 2046 1129 2086 gerere
1160 2039 1328 2073 tractare
1359 2033 1519 2074 desierit
1553 2032 1777 2086 quibusque
1801 2031 1810 2088 Ι
1836 2034 1960 2075 decu·-

244 2101 379 2141 riones
409 2102 705 2154 conscriptique
725 2102 990 2151 habebuntur,
1018 2101 1024 2156 Ι
1051 2099 1300 2157 r[at]iones⁴⁷
1329 2102 1432 2142 edito
1454 2101 1687 2154 redditoque
1714 2099 1957 2158 decurioni}-

249 2165 349 2224 [b]us
397 2170 679 2222 conscriptisve
720 2171 829 2210 cuive
876 2171 924 2210 de
963 2171 1026 2210 his
1074 2167 1329 2227 accipilendis
1374 2169 1664 2222 cognoscendis
1710 2182 1758 2210 ex
1795 2170 1958 2212 decreto

246 2234 519 2293 decuriolnum
556 2238 935 2291 conscriptorumve,
971 2239 1077 2290 quod
1113 2239 1314 2279 decretum
1351 2236 1357 2294 Ι
1397 2239 1544 2278 factum
1581 2238 1656 2278 erit
1689 2250 1780 2278 cum
1815 2250 1956 2279 eorum

246 2312 377 2357 partes
409 2319 489 2346 non
513 2303 659 2361 miluus
690 2319 807 2359 quam
838 2307 937 2348 duae
957 2308 1096 2348 tertiae
1118 2308 1313 2355 adessent,
1345 2303 1564 2362 negoltium
1595 2308 1727 2347 datum
1749 2307 1837 2347 erit.
1878 2307 1960 2347 Per

246 2386 363 2425 quem
395 2376 560 2423 steterit,
591 2387 629 2427 q.
658 2373 665 2428 Ι
690 2387 740 2415 m.
772 2376 824 2415 ita
846 2376 1014 2428 pecunia
1046 2377 1294 2429 redigeretur
1323 2371 1558 2430 referreltur
1587 2387 1714 2426 quove
1744 2374 1876 2415 minus
1902 2375 1957 2415 ita

246 2442 419 2482 rationes
449 2439 740 2498 reddelrentur,
775 2443 820 2492 is,
856 2456 930 2496 per
960 2457 1078 2496 quem
1114 2444 1266 2485 steterit
1302 2456 1341 2495 q.
1372 2456 1425 2485 m.
1461 2442 1635 2482 rationes
1661 2439 1667 2496 Ι
1694 2442 1957 2483 redderentur

246 2522 372 2560 quove
407 2510 539 2551 minus
577 2511 746 2564 pecunia
785 2512 1047 2564 redigelretur
1086 2508 1355 2568 reserret[ur],
1396 2511 1592 2562 heresque
1632 2509 1716 2550 eius
1754 2510 1867 2563 isque
1906 2510 1956 2551 ad

247 2579 380 2628 quiem
412 2591 456 2618 ea
487 2591 551 2619 res
581 2591 658 2631 qua
689 2580 737 2620 de
759 2580 888 2632 agitur
916 2580 1145 2633 pertinebit,
1176 2593 1215 2632 q.
1238 2593 1272 2620 e.
1293 2579 1358 2623 r.⁴⁸
1386 2578 1392 2631 Ι
1419 2579 1504 2626 erit,
1535 2584 1687 2618 tantum
1718 2585 1758 2618 et
1787 2578 1954 2619 alterum

247 2652 398 2685 tantum
428 2644 710 2702 municilpibus
741 2648 839 2689 eiius
869 2649 1060 2701 municipi
1092 2649 1128 2689 d.
1161 2650 1198 2689 d.
1231 2662 1278 2697 e.,
1319 2648 1482 2699 eiusque
1513 2643 1722 2701 pecunilae
1751 2646 1880 2698 deque
1909 2660 1956 2688 63

249 2714 414 2764 pecunia
445 2715 689 2767 municipum
719 2716 937 2769 munilcipii
969 2716 1074 2756 Flavi
1106 2716 1326 2757 Malacitani
1355 2715 1464 2769 <eius
1494 2727 1537 2754 ea
1568 2714 1736 2766 pecunia
1773 2712 1779 2769 Ι
1822 2716 1955 2756 muni·

248 2781 377 2833 cipum
410 2781 512 2822 Flavi
542 2782 821 2839 Malacitani>⁴⁹
865 2786 932 2837 qui
962 2786 1065 2825 volet
1094 2786 1237 2837 cuique
1268 2796 1339 2837 per
1367 2783 1407 2823 h.
1439 2783 1464 2822 l.
1495 2782 1629 2822 licebit
1666 2782 1767 2821 actio
1799 2780 1955 2837 peltitio

249 2851 470 2900 persecutio
501 2858 597 2891 esto.
625 2851 630 2906 Ι

360 2974 418 3015 43)
442 2974 523 3007 Iure
540 2975 695 3008 dicundo
708 2978 882 3018 praeerit.
897 2995 943 3001 ——
966 2978 1024 3019 44)
1051 2975 1103 3017 Cf.
1124 2976 1193 3010 Cic.
1206 2986 1276 3019 pro
1293 2974 1395 3008 domo
1413 2974 1467 3017 48,
1482 2974 1543 3007 48:
1565 2973 1732 3017 praedem
1749 2976 1896 3010 socium.
1908 2995 1956 3001 —

251 3030 305 3070 45)
330 3029 408 3063 Ser.
431 3030 533 3074 iique.
558 3049 603 3056 —
636 3032 693 3074 46)
724 3031 844 3065 Insere
867 3033 950 3067 isve.
981 3050 1025 3059 —
1062 3034 1120 3075 47)
1143 3032 1280 3066 rniones
1304 3041 1375 3064 aes.
1403 3049 1449 3055 -
1483 3031 1541 3071 48)
1575 3029 1708 3072 Quanti
1738 3042 1779 3065 ea
1811 3042 1879 3066 res.
1910 3051 1955 3058 —

251 3086 308 3125 49)
334 3084 430 3125 Quae
453 3089 555 3119 uncis
580 3088 800 3130 inclusimus,
824 3091 904 3121 orta
928 3091 1012 3121 sunt
1035 3100 1081 3122 ecc
1104 3089 1360 3131 dittographia.
