2092 3360
538 165 654 203 Tituli
677 165 906 212 pertinentes
931 165 978 201 ad
1002 163 1118 200 ludos.
1142 183 1187 188 —
1211 162 1309 208 Equi
1333 162 1527 198 circenses.
1803 159 1884 198 341

284 281 421 329 5291*
454 292 576 338 (bigae
600 292 704 334 duae,
737 294 776 325 in
800 302 842 325 ea
867 301 960 335 quae
981 289 1167 334 praecedit
1197 291 1360 332 agitator
1384 289 1539 322 habenas
1568 290 1690 321 tenens
1717 287 1794 319 sine
1817 286 1884 326 lla-

168 361 265 405 gello
274 374 290 404 ;
313 362 363 396 ad
385 362 479 395 lianc
502 361 745 406 adscriptum)
776 345 920 406 L[iber]
946 348 1142 397 Romano,
1173 357 1239 402 (ad
1261 367 1338 390 eam
1362 367 1452 400 quae
1474 354 1651 400 sequitur)
1682 343 1851 384 llarinus
1878 342 1884 396 Ι

173 420 328 474 ΟΙΥρὶο.
378 429 500 474 (Retro
531 430 692 463 homines
717 428 799 469 duo,
832 428 925 461 alter
958 437 1047 471 equo
1072 426 1232 460 insidens
1264 429 1298 459 et
1322 435 1490 459 coronam
1520 423 1763 469 palmamque,
1794 422 1886 456 alter

171 499 356 542 flagellum
381 501 524 539 tenens‚·
552 507 666 540 supra
688 495 877 541 scriptum)
902 485 1034 534 Liber,
1065 484 1173 525 nicai

280 556 394 599 Prope
409 554 556 589 Romam
573 565 649 598 rep.
672 553 721 587 ad
735 563 869 587 nonum
886 552 1087 586 miliarium
1102 554 1184 585 viae
1198 550 1416 592 Flaminiae,
1442 559 1531 592 opus
1547 549 1773 588 tessellatum,
1791 547 1888 591 quod

170 614 415 656 pavimentum
438 611 565 653 fuerat
595 611 774 645 exhedrae
798 611 1018 643 thermarum
1043 608 1238 653 (Lovatelli
1261 609 1332 641 atti
1354 607 1447 641 della
1471 605 1511 640 Η.
1527 606 1658 640 Accad.
1684 606 1741 639 dei
1763 605 1888 639 Lincei

175 680 243 703 ser.
258 670 315 703 111
336 670 403 704 vol.
415 671 453 710 5,
476 670 563 703 4879
578 679 613 710 p.
626 669 693 702 254
712 669 783 701 tab.
800 684 845 697 =
861 668 1002 700 antichi
1025 666 1246 699 monumenti
1268 664 1445 698 illustrati
1468 664 1539 697 tab.
1555 663 1607 697 VI
1627 663 1674 702 etl
1688 673 1723 705 p.
1736 662 1886 706 45:011).

288 749 401 796 5292
457 759 608 803 (auriga
634 761 673 792 in
697 759 887 802 quadrigis
908 761 1021 798 stans,
1052 757 1292 798 adscriptum)
1318 742 1498 800 Leaenfli,
1531 744 1636 784 nica!
1675 753 1740 794 (ad
1763 751 1886 797 equos)

476 818 606 858 Nicer·
681 819 856 870 Aerope·
1130 813 1333 854 Botrocal-
1412 813 1578 853 Enacci-

495 899 589 926 oru·
733 891 792 925 tes
1200 882 1260 922 es¹
1463 888 1520 920 at-

523 968 542 995 s
1469 963 1515 990 us

291 1021 425 1055 Romae
449 1021 547 1064 olim,
572 1020 712 1054 lamella
737 1019 894 1052 rotunda
918 1019 1034 1051 vitrea
1062 1016 1133 1062 (VJ
1152 1017 1269 1060 40070,
1299 1016 1372 1051 XV
1388 1016 1473 1051 7054
1500 1017 1677 1060 imagines
1700 1015 1890 1049 ediderunt

176 1078 388 1112 Fabretlius
412 1081 448 1111 et
469 1079 531 1112 Ph.
547 1078 826 1116 Buonarruoli).
851 1093 896 1099 —
931 1075 964 1116 1)
990 1073 1050 1108 Sic
1074 1074 1163 1116 legit
1188 1073 1406 1107 Garruccius
1431 1073 1553 1116 (antea
1578 1073 1743 1116 legerunt
1765 1070 1887 1106 Botro-

174 1135 334 1180 castales,
362 1135 571 1180 Accilatuss),
596 1135 659 1177 qui
678 1134 772 1167 idem
788 1135 872 1176 equi
888 1142 1018 1165 nomen
1035 1132 1236 1164 observavit
1258 1133 1416 1163 inveniri
1432 1132 1471 1163 in
1487 1140 1630 1163 nummo
1648 1141 1679 1173 q.
1697 1129 1731 1163 d.
1748 1131 1888 1162 contor-

174 1195 275 1226 niato
300 1192 484 1236 (Sabatier
505 1189 594 1225 med.
620 1193 781 1224 contorn.
808 1190 879 1224 tab.
903 1189 962 1222 IV
978 1188 1052 1230 45).

287 1293 403 1340 5293
459 1305 641 1349 (Victoria
665 1307 705 1338 in
729 1305 919 1348 quadrigis
942 1307 1054 1346 stans,
1081 1313 1176 1347 pone
1200 1305 1353 1347 auriga,·
1389 1301 1491 1342 infra
1514 1302 1597 1336 stilo
1622 1302 1812 1344 scriptum)
1845 1290 1887 1330 C·

174 1363 327 1404 Annius
346 1361 546 1419 Laclerta¹
578 1363 679 1404 nica.
705 1360 713 1418 Ι
740 1362 903 1403 Coraci²
924 1363 1002 1402 nic.
1035 1371 1125 1416 (Sub
1142 1370 1258 1411 fundo
1284 1371 1453 1405 lucernae
1473 1370 1734 1414 scam'phatum)
1767 1359 1887 1399 Maxi-

175 1444 262 1472 mus
289 1433 295 1482 Ι
321 1432 417 1471 fecit
446 1440 688 1484 (impressum)
719 1431 764 1471 L.
785 1431 941 1472 Fabric.
972 1430 1092 1472 Maso.

286 1497 431 1542 Romae,
460 1499 535 1532 iam
560 1497 759 1542 Monac-hii,
790 1498 939 1532 lucerna
960 1497 1085 1539 fictilis
1114 1495 1202 1542 (XV
1216 1497 1306 1530 6250
1330 1496 1424 1529 vidit
1443 1496 1614 1541 Dressel).
1652 1515 1696 1520 —
1734 1495 1768 1537 1)
1792 1494 1889 1527 Idem

175 1557 328 1599 aurigae
350 1565 480 1589 nomen
503 1554 661 1589 Juvenal.
683 1556 714 1597 7,
731 1555 808 1590 442.
838 1574 884 1581 —-
915 1557 950 1598 2)
976 1554 1097 1589 Corax
1120 1555 1203 1597 equi
1225 1563 1354 1587 nomen
1376 1554 1451 1586 iam
1474 1554 1514 1586 in
1539 1554 1787 1596 antiquissimo
1811 1563 1889 1585 vas-

174 1612 255 1646 culo
274 1612 417 1646 Clusino
436 1611 546 1653 (Ann.
562 1613 647 1646 inst.
662 1613 762 1647 arch.
777 1612 864 1647 4848
885 1623 922 1656 p.
937 1613 1035 1655 554).
1051 1631 1096 1636 -
1112 1611 1236 1644 Etiam
1259 1612 1299 1643 in
1324 1610 1409 1642 aliis
1433 1609 1590 1642 lucernis
1613 1610 1691 1642 ludi
1715 1611 1889 1642 circenses

175 1671 211 1701 et
233 1671 386 1712 aurigae
412 1668 648 1710 celebrantur,
675 1667 749 1703 XV
763 1667 998 1703 6254-6264.
1029 1668 1063 1702 Χ
1083 1670 1186 1710 8055,
1211 1668 1263 1702 40.
1286 1668 1339 1701 64.
1364 1666 1443 1701 482.
1467 1666 1544 1701 495.

292 1758 406 1806 5294
447 1772 601 1812 (animal
623 1773 707 1815 equi
729 1771 856 1814 simile,
882 1771 946 1805 sed
961 1773 1130 1805 cornibus
1152 1771 1334 1814 caprinis,-
1357 1772 1463 1803 inccta
1482 1770 1623 1813 palma)
1650 1759 1797 1800 humil-¹
1829 1769 1889 1813 (ln

178 1837 294 1879 fundo
318 1840 486 1872 lucernae
508 1838 616 1882 figuli
637 1850 784 1881 nomen,
807 1839 929 1883 modo)
961 1829 1042 1870 Bic.
1073 1830 1204 1882 Agat„
1245 1838 1382 1882 (modo)
1415 1827 1455 1868 C.
1487 1827 1569 1868 Clo.
1601 1828 1711 1875 Suc.‚
1749 1837 1887 1881 (modo)

175 1897 286 1937 Mun.
308 1897 462 1950 Trept.‚
502 1908 638 1949 (modo)
670 1899 781 1950 Serg.
814 1898 932 1938 Prim.

291 1964 512 2006 Carthagine
535 1975 623 2007 rep„
653 1965 824 1998 lucernae
850 1963 1049 2007 complures
1071 1963 1211 2004 fictiles,
1237 1966 1427 2006 praeterea
1451 1972 1526 1995 una
1551 1963 1706 2005 originis
1730 1963 1890 1994 incertae

177 2022 287 2064 (quae
312 2020 432 2063 Sergii
448 2022 562 2054 Primi
585 2030 713 2054 nomen
737 2022 858 2064 babet)
884 2023 985 2054 extat
1007 2019 1161 2062 Neapoli
1184 2019 1294 2059 (VIII
1313 2019 1449 2063 suppl.;
1475 2019 1512 2053 X
1530 2019 1633 2060 8055,
1657 2019 1723 2053 482
1748 2017 1889 2061 Neapo-

177 2077 328 2110 litanam
351 2077 443 2110 vidit
457 2077 630 2121 Dressel).
647 2096 690 2102 —
718 2078 751 2119 1)
775 2077 899 2120 Equos
922 2077 1029 2109 huius
1051 2077 1207 2109 nominis
1231 2076 1398 2108 habemus
1421 2074 1466 2109 Ν.
1481 2076 1574 2110 5287
1589 2086 1620 2110 υ.
1636 2077 1693 2118 26,
1717 2075 1763 2110 Ν.
1777 2077 1889 2117 5290,-

176 2137 331 2167 ceterum
348 2135 407 2167 hic
422 2145 495 2168 non
512 2144 623 2177 equus
639 2133 800 2167 Bubalus
815 2134 958 2166 nomine
974 2133 1117 2166 videtur
1133 2132 1322 2174 celebrari,
1338 2132 1402 2166 sed
1416 2133 1566 2166 bubalus
1582 2134 1723 2167 animal
1738 2132 1889 2173 Africae

173 2193 365 2234 proprium
391 2190 456 2231 (cll
480 2191 572 2225 Plin.
597 2191 630 2224 Ιι.
654 2201 692 2224 n.
716 2190 770 2231 48,
786 2190 864 2234 58),
895 2190 991 2233 quod
1010 2199 1126 2232 genus
1149 2189 1347 2232 aliquando
1374 2189 1593 2233 Carthagine
1616 2193 1655 2223 in
1678 2190 1890 2233 spectaculis

175 2248 374 2280 exhibitum
398 2259 471 2280 esse
496 2247 720 2281 crediderim.

290 2338 405 2385 5295
447 2349 522 2393 (vir
543 2352 644 2382 stans
667 2350 764 2382 inter
787 2359 894 2392 equos
919 2349 1029 2390 duo-r,-
1064 2360 1087 2382 a
1106 2351 1215 2392 parte
1237 2350 1347 2382 unius
1370 2351 1453 2393 equi
1476 2350 1713 2394 adscriptum)
1744 2342 1888 2394 Aquilo

176 2409 231 2448 n.¹
260 2407 319 2447 k.²
346 2405 586 2463 Aquillonis,
618 2406 709 2447 vicit
739 2405 896 2455 CXXX,
929 2405 936 2461 Ι
971 2407 1135 2448 secund.
1167 2406 1256 2448 tulit
1282 2405 1288 2461 Ι
1314 2407 1562 2456 LXXXVIII,
1597 2406 1603 2464 Ι
1639 2416 1711 2450 ter.
1738 2409 1746 2464 Ι
1779 2410 1850 2450 tul.
1876 2408 1884 2466 Ι

175 2473 380 2531 ΧΧΧΙἮΙ,
412 2475 418 2531 Ι
455 2486 494 2529 (a
517 2488 622 2530 parte
645 2485 811 2529 alterius)
839 2474 1031 2528 Hirpinus
1062 2475 1118 2516 n.¹
1148 2474 1380 2531 Aquillonis,
1410 2476 1502 2517 vicit
1523 2476 1680 2525 CXIIII,
1708 2476 1715 2530 Ι
1741 2489 1886 2517 secun-

176 2543 243 2585 das
272 2544 363 2584 tulit
387 2543 394 2597 Ι
421 2544 522 2593 LVI,
560 2550 652 2584 tert.
683 2544 754 2583 tul.
782 2540 982 2597 'XXXVL
1024 2543 1030 2599 Ι
1071 2553 1211 2599 (Infra)
1242 2544 1279 2584 d.
1310 2556 1362 2584 m.
1391 2541 1398 2596 Ι
1425 2543 1582 2584 Claudia
1612 2544 1748 2585 Helice
1774 2542 1780 2599 Ι
1813 2545 1887 2585 sec.

177 2611 222 2652 L.
243 2612 354 2652 Avill.
375 2609 594 2666 Dionysio³
618 2610 624 2667 Ι
653 2612 769 2652 cond.
801 2623 861 2664 gr.
892 2612 1092 2652 russatae⁴
1117 2610 1125 2667 Ι
1151 2612 1310 2664 coniug.
1342 2612 1518 2664 dignissi.

288 2677 421 2713 Romae
446 2678 519 2723 (VI
536 2679 643 2714 40069
666 2679 761 2712 vidit
775 2679 946 2718 Henzen).
961 2697 1008 2703 —
1034 2680 1066 2722 1)
1091 2678 1217 2722 Niger.
1233 2697 1279 2703 —-
1302 2680 1336 2721 2)
1360 2679 1435 2712 Hoc
1460 2680 1658 2712 obscurum.
1674 2697 1720 2703 —
1743 2680 1778 2721 3)
1801 2679 1888 2713 Dio-

179 2736 305 2780 nysius
328 2736 387 2769 liic
410 2736 552 2770 videtur
574 2735 689 2777 fuisse
714 2736 921 2769 collibertus
944 2735 1072 2769 Avillii
1099 2735 1211 2778 Terin,
1241 2736 1284 2769 de
1308 2746 1379 2779 quo
1402 2745 1513 2778 supra
1537 2733 1583 2770 N.
1597 2735 1690 2769 5287
1713 2735 1762 2768 ad
1782 2746 1815 2770 υ.
1831 2737 1888 2778 45,

179 2794 214 2825 et
236 2791 277 2827 L.
295 2793 409 2826 Avilii
426 2792 575 2827 Galatae
599 2791 701 2832 infra
718 2791 764 2827 Ν.
780 2792 880 2826 5544.
909 2811 955 2816 -
978 2794 1013 2834 4)
1039 2791 1225 2826 Conditori
1247 2794 1372 2835 gregis
1395 2794 1569 2827 russulae.
1615 2791 1668 2824 De
1692 2792 1887 2826 conditori-

179 2849 243 2882 bus
266 2847 315 2889 cfi
331 2848 433 2889 infra
449 2848 495 2884 N.
511 2850 605 2885 5545
621 2852 696 2884 not.
709 2851 743 2884 8.
783 2849 849 2882 Hic
865 2848 999 2883 Smetio
1018 2850 1113 2881 visus
1127 2851 1179 2881 est
1199 2851 1485 2891 repraesentatus
1509 2859 1580 2881 esse
1595 2850 1695 2891 equis
1716 2848 1887 2891 pabulum

174 2906 358 2947 praebens.

294 2995 407 3044 5296
460 2998 513 3038 Μ.
534 2998 694 3039 Aurelio
716 2998 861 3039 Libero
887 2998 893 3053 Ι
920 2998 1023 3051 patri
1054 3004 1094 3038 et
1123 2998 1310 3051 magistro
1343 2996 1350 3052 Ι
1384 3005 1423 3038 et
1451 2998 1572 3044 socio,
1603 2997 1788 3037 domino¹
1816 2995 1822 3051 Ι
1849 3004 1887 3038 et

180 3064 358 3117 agitatori
387 3066 568 3107 factionis
595 3065 602 3121 Ι
635 3067 831 3120 prasinae,
859 3065 864 3121 Ι
896 3066 1081 3107 Aurelius
1111 3066 1302 3107 Caecilius
1332 3065 1492 3106 Planeta
1517 3064 1524 3119 Ι
1559 3066 1804 3118 Protogenes
1835 3067 1885 3107 ob
