2092 3360
568 188 683 225 Tituli
707 200 858 235 operum
881 190 1123 236 publicorum.
1140 210 1184 216 —
1210 190 1311 226 Loca.
1333 190 1494 236 publica.
1804 189 1888 228 458

180 305 385 353 montario,
418 317 534 357 quem
567 305 681 346 iussit
710 305 880 358 proferri
910 306 1104 359 Cuperius
1126 306 1369 347 Hostilianus
1400 319 1471 359 per
1500 305 1545 346 Τ.
1567 305 1749 346 Rustium
1776 305 1887 360 Lysi-

178 385 330 426 ponum
358 371 365 427 Ι
390 373 576 423 scribam,
607 374 646 414 in
679 387 759 427 quo
789 374 981 427 scriptum
1013 381 1098 415 erat
1127 375 1170 423 it,
1201 376 1306 428 quod
1337 375 1441 415 infra
1471 374 1663 428 scriptum
1694 380 1772 416 est:
1800 371 1807 428 1

292 442 336 482 L.
370 442 537 501 Publilio
569 442 682 483 Celso
712 442 747 482 11
787 442 828 483 C.
861 443 996 484 Clodio
1028 443 1211 496 Crispino
1251 443 1363 491 cos.²‚
1408 442 1539 484 idibus
1571 443 1747 495 Aprilib„
1789 441 1797 496 Ι
1835 442 1887 483 M.

178 511 320 552 Pontio
353 511 465 552 Celso
497 511 700 560 dictatore,
732 511 772 555 C.
806 511 999 553 Suetonio
1031 512 1246 553 Claudiano
1276 512 1401 553 aedile
1431 512 1508 552 iuri
1539 511 1726 559 dicundo,
1763 511 1887 563 prael'.

177 580 316 620 aerari.
362 580 698 621 Commentarium
720 580 979 621 cottidianum
1001 581 1192 634 municipi
1211 584 1218 634 Ι
1240 581 1448 629 Caeritum,
1477 580 1569 620 inde
1591 580 1733 632 pagina
1748 578 1889 619 XXVII

176 650 308 703 kapite
339 649 398 689 Vl.
426 648 434 703 Ι

287 713 363 758 εΜ.
395 717 563 758 Pontius
594 717 731 758 Celsus
769 717 937 757 dictator
976 724 1016 758 et
1053 718 1096 759 C.
1126 717 1341 758 Suetonius
1372 716 1608 757 Claudianus
1648 715 1890 756 decuriones

176 785 216 825 in
257 785 407 838 templo
446 785 570 825 divor.
602 792 934 838 corrogaverunt,
973 785 1043 826 ubi
1073 785 1270 826 Vesbinus
1299 786 1398 837 Aug.
1435 784 1502 824 lib.
1534 784 1650 837 petit,
1691 783 1697 839 Ι
1738 790 1784 824 ut
1814 783 1889 824 sibi

175 853 290 893 locus
327 853 487 906 publice
526 854 688 894 daretur
724 854 799 895 sub
837 854 993 907 porticu
1029 853 1212 894 basilicae
1243 853 1513 906 Sulpicianae,
1555 853 1611 893 uti
1642 852 1887 905 Augustalib.

175 922 217 961 in
259 934 350 962 eum
385 921 517 962 locum
558 922 756 975 phetrium
796 923 960 970 faceret,
1001 921 1069 962 ubi
1110 920 1205 975 ex‘l
1246 934 1445 962 consensu
1476 921 1737 961 decurionum
1779 920 1890 961 locus

179 990 236 1039 ei,
268 1003 386 1042 quem
417 990 725 1039 desideraverat,
757 990 869 1031 datus
900 996 979 1037 est,
1072 989 1261 1043 placuitq.
1292 990 1485 1030 universis
1516 989 1690 1030 Curiatio
1712 987 1889 1029 Cosano’

177 1059 354 1099 curatori
393 1058 444 1099 ob
483 1071 569 1099 eam
611 1069 696 1099 rem
734 1058 742 1112 Ι
782 1059 990 1112 epistulam
1031 1059 1144 1099 mitti.
1262 1058 1308 1099 ln
1339 1058 1489 1099 curiam
1528 1058 1694 1098 fuerunt
1722 1057 1890 1097 Pontius

178 1125 313 1167 Celsus
342 1127 490 1175 dictat„
535 1127 750 1168 Suetonius
782 1127 1018 1168 Claudianus
1058 1127 1144 1168 aed.
1174 1127 1251 1167 iuri
1282 1127 1379 1176 dic.‚
1419 1127 1471 1167 Μ.
1503 1126 1690 1179 Lepidius
1718 1126 1852 1179 Nepos
1878 1125 1886 1182 Ι

176 1195 289 1235 aedil.
319 1207 485 1244 annom,
524 1195 673 1235 Pollius
702 1195 889 1245 Blandus,
928 1196 1174 1237 Pescennius
1204 1195 1424 1242 Flavianus,
1456 1194 1701 1235 Pescennius
1730 1194 1888 1244 Natalis,

175 1263 323 1303 Pollius
354 1263 552 1311 Cassimus,
596 1264 809 1305 Petronius
839 1264 1052 1313 Innocens,
1099 1264 1263 1317 Sergius
1294 1261 1523 1304 Proculus'.
1565 1261 1572 1316 Ι
1614 1262 1711 1302 Inde
1746 1262 1890 1315 pagina

174 1331 295 1371 altera
339 1332 468 1385 capite
511 1332 655 1385 primo.
768 1327 1046 1386 ‘Magistratus
1090 1339 1130 1374 et
1172 1333 1380 1373 decurion.
1412 1331 1587 1372 Curiatio
1619 1330 1774 1371 Cosano
1817 1331 1888 1371 sal.

175 1399 273 1439 ldib.
304 1401 405 1453 Aug.
521 1400 769 1442 Desideranti
807 1414 828 1442 a
868 1402 985 1443 nobis
1024 1399 1030 1457 Ι
1069 1401 1186 1454 Ulpio
1217 1400 1392 1441 Vesbino
1429 1399 1640 1441 consilium
1682 1399 1888 1439 decurion.

175 1468 391 1521 coegimus,
422 1481 443 1509 a
474 1469 583 1522 quib.
615 1470 730 1523 petit,
771 1477 815 1510 ut
844 1469 919 1511 sibi
950 1470 1062 1511 locus
1092 1468 1252 1522 publice
1282 1469 1322 1510 in
1355 1469 1501 1521 angulo
1532 1468 1711 1522 porticus
1740 1467 1889 1507 basilic.

174 1537 347 1587 daretur,
386 1538 491 1590 quod
522 1551 564 1579 se
594 1538 839 1590 Augustalib.
881 1537 887 1593 Ι
928 1538 1127 1591 phetrium
1158 1537 1317 1591 publice
1346 1542 1630 1577 exornaturum
1668 1535 1890 1577 secundum

174 1605 354 1658 dignitat.
386 1607 577 1660 municipi
608 1607 877 1660 polliceretur.
929 1607 1084 1647 Gratiae
1113 1607 1206 1647 huic
1235 1612 1344 1647 actae
1374 1611 1470 1647 sunt
1494 1605 1544 1646 ab
1566 1606 1773 1654 universis,
1803 1604 1888 1657 pla-

175 1675 258 1715 cuit
294 1681 426 1715 tamen
465 1675 538 1716 tibi
579 1674 585 1730 Ι
621 1676 765 1725 scribi,
811 1688 861 1716 an
901 1677 943 1716 in
982 1677 1059 1716 hoc
1099 1688 1260 1728 quoque
1299 1681 1338 1715 et
1375 1681 1419 1715 tu
1459 1686 1731 1715 consensurus
1770 1685 1888 1714 esses.

176 1743 254 1790 Qui
291 1744 404 1784 locus
442 1745 500 1784 rei
530 1757 570 1797 p.
609 1745 650 1785 in
682 1757 757 1785 usu
797 1758 880 1785 non
919 1750 978 1785 est
1017 1757 1093 1785 nec
1123 1745 1202 1784 ullo
1234 1744 1364 1784 reditu
1395 1756 1480 1785 esse
1509 1737 1675 1796 potest’.
1792 1741 1889 1782 Inde

175 1812 318 1864 pagina
348 1811 435 1852 vul
473 1812 605 1865 kapite
634 1813 778 1866 primo.
806 1810 813 1868 Ι
891 1808 1109 1854 ‘Curiatius
1138 1812 1316 1853 Cosanus
1354 1811 1474 1864 mag-⁴
1509 1818 1549 1852 et
1586 1812 1672 1853 dec.
1704 1811 1887 1852 Caereta-

175 1892 265 1920 nor.
287 1880 356 1920 sal.
463 1879 549 1932 Ego
581 1894 663 1921 non
694 1887 849 1922 tantum
880 1881 1108 1922 consentire
1137 1881 1329 1921 voluntati
1359 1886 1510 1920 vestrae
1540 1886 1601 1920 set
1630 1886 1670 1920 et
1699 1878 1887 1932 gratulari

176 1948 317 1996 debeo,
348 1948 380 1989 si
411 1948 480 2001 qui
511 1961 594 1989 rem
626 1962 665 2002 p.
696 1949 754 1990 ιι]
780 1947 786 2003 Ι
813 1955 1011 1990 exsornat.
1057 1949 1212 1989 Accedo
1243 1949 1337 2001 itaq.
1368 1949 1590 1989 sententiae
1618 1955 1772 1988 vestrae
1804 1960 1887 1987 non

176 2024 365 2069 tanquam
397 2022 569 2067 curator,
608 2018 676 2058 sed
709 2024 898 2070 tanquam
937 2030 1044 2058 unus
1078 2030 1146 2057 exs
1176 2017 1328 2066 ordine,
1368 2029 1458 2057 cum
1493 2022 1571 2056 tam
1601 2016 1769 2056 honesta
1799 2028 1888 2056 exs-

174 2085 323 2137 sempla
343 2091 427 2131 (sic)
453 2084 461 2139 Ι
488 2086 605 2125 etiam
635 2085 841 2138 provocari
871 2086 1091 2125 honorifica
1122 2085 1381 2125 exornatione
1411 2085 1552 2125 debeat
1576 2089 1674 2133 (sic).
1703 2082 1710 2138 Ι
1792 2083 1888 2124 Data

176 2155 279 2207 prid.
311 2154 399 2194 idus
429 2153 653 2206 Septembr.
683 2149 921 2193 Ameriae’⁶.
956 2153 963 2209 Ι
1051 2154 1136 2193 Act.
1168 2152 1261 2193 idib.
1292 2153 1402 2193 lunis
1433 2152 1481 2200 Q.
1512 2153 1659 2193 Ninnio
1692 2152 1811 2193 Hasta
1842 2153 1886 2192 P.

175 2223 336 2262 Manilio
368 2222 539 2275 Vopisco
571 2221 669 2262 cos.⁷
694 2219 701 2275 Ι
727 2221 957 2262 Dedicatum
987 2222 1026 2262 k.
1057 2222 1157 2275 Aug.
1188 2222 1311 2262 isdem
1342 2234 1423 2262 cos.

293 2301 402 2335 caer-0
425 2311 499 2343 rep.
524 2311 559 2335 α.
583 2300 682 2343 4548,
713 2301 837 2334 tabula
860 2310 1074 2342 mar-morea,
1107 2300 1234 2334 deinde
1255 2299 1397 2341 Romae,
1428 2301 1503 2333 iam
1526 2298 1681 2343 Neapoli
1705 2299 1775 2339 (XI
1793 2299 1884 2333 3644

175 2357 370 2392 Mommsen
406 2357 501 2391 vidie
534 2359 720 2401 ectypum5
761 2355 809 2397 cl'.
840 2357 1006 2390 Huebner·
1036 2368 1094 2392 σε.
1124 2367 1194 2392 scr.
1223 2360 1338 2400 epigr.
1362 2357 1474 2401 1074).
1513 2376 1559 2382 —
1601 2359 1633 2399 1)
1666 2357 1887 2391 Vocabulum

175 2415 265 2448 alibi
287 2415 446 2448 nondum
470 2416 651 2456 repertum
676 2412 718 2457 (t.
746 2413 851 2448 orell.
865 2414 957 2448 5788
979 2416 1126 2457 spurius
1150 2414 1240 2458 est);
1263 2418 1473 2460 φρητρεῖον
1494 2415 1570 2446 sive
1592 2413 1749 2446 scholam
1773 2414 1887 2455 signi-

173 2470 282 2512 ficari
302 2474 446 2515 putant.
471 2490 515 2494 —
545 2472 579 2512 2)
602 2471 645 2505 A.
670 2470 746 2506 415.
772 2489 818 2495 —
848 2471 882 2511 3)
906 2471 1003 2504 Idem
1027 2474 1249 2504 memoratur
1271 2472 1311 2504 in
1335 2474 1360 2506 t.
1385 2471 1557 2504 Amerino
1580 2469 1632 2503 XI
1653 2470 1750 2513 4347,
1781 2468 1887 2502 idem-

174 2539 243 2572 que
257 2528 332 2568 luit
349 2529 516 2562 dominus
531 2527 747 2570 figlinarum
763 2527 990 2570 quarundam
1006 2529 1307 2570 suburbanarum,
1329 2527 1400 2562 XV
1410 2527 1577 2561 96—102.
1593 2526 1667 2560 m.
1680 2544 1726 2550 —
1750 2527 1785 2568 4)
1809 2524 1886 2559 Μα-

170 2587 396 2628 einr-atibus.
420 2605 466 2610 —
497 2587 530 2626 5)
555 2584 639 2618 Rem
659 2584 843 2627 publicam
866 2588 1037 2619 nostram.
1062 2603 1106 2609 -
1139 2586 1174 2626 6)
1199 2582 1252 2624 Cf.
1276 2587 1350 2619 not.
1375 2585 1411 2618 5.
1434 2603 1477 2608 —-
1502 2586 1536 2625 7)
1562 2584 1604 2616 A.
1628 2582 1701 2616 414.

289 2689 401 2737 5919
450 2691 523 2732 1111
546 2705 639 2735 non.
666 2689 887 2743 Septembr.
911 2690 952 2729 in
973 2690 1081 2730 curia
1107 2690 1244 2742 templi
1276 2690 1458 2730 basilicae
1478 2687 1643 2739 Augusti
1666 2687 1884 2737 Annianae,

174 2760 391 2801 scribundo
422 2760 636 2800 adfuerunt
662 2757 667 2813 Ι
695 2759 743 2806 Q.
766 2758 935 2798 Granius
956 2758 1120 2806 Atticus,
1151 2758 1202 2798 M.
1225 2757 1417 2798 Stlaccius
1446 2755 1625 2804 Albinus,
1657 2757 1702 2796 A.
1725 2755 1885 2796 Clodius

173 2827 378 2877 Maximus,
410 2828 460 2871 M.
480 2827 673 2868 Amullius
693 2826 841 2879 Lupus,
873 2825 922 2865 Μ.
943 2825 1089 2867 Fabius
1109 2826 1277 2866 Firmus.
1305 2825 1312 2879 Ι
1338 2824 1452 2871 Quod
1483 2823 1528 2863 T.
1552 2823 1729 2864 Aufidius
1758 2823 1883 2863 Thra-

175 2908 260 2945 sea,
290 2896 350 2936 Ti.
373 2896 556 2937 Claudius
587 2896 804 2943 Quartinus
835 2893 941 2933 llviri
972 2906 1005 2933 ν.
1037 2894 1078 2934 f.²
1114 2894 1162 2934 de
1192 2893 1385 2934 desiderio
1416 2892 1523 2931 Laeli
1553 2892 1711 2932 Atimeti
1743 2891 1883 2944 optimi

176 2964 280 3014 civis,
311 2978 351 3018 q.
381 2965 420 3005 d.
450 2978 485 3005 e.
517 2976 549 3004 r.
580 2964 608 3004 s.
639 2977 694 3017 p.,
724 2963 761 3003 d.
793 2976 827 3003 e.
859 2974 892 3001 r.
922 2962 947 3001 i.
980 2960 1052 3002 c.²:
1081 2961 1087 3016 Ι
1115 2961 1211 3002 Cum
1234 2962 1284 3001 Μ.
1302 2960 1458 3000 Laelius
1479 2961 1671 3000 Atimetus
1699 2960 1759 2999 vir
1788 2972 1882 3012 pro-

175 3031 360 3074 bissimus
389 3039 430 3074 et
458 3032 626 3085 singulis
655 3038 695 3072 et
724 3017 919 3072 universis
948 3029 1067 3069 karus
1103 3030 1262 3083 petierit
1291 3029 1330 3069 in
1363 3028 1504 3069 ordine
1535 3034 1690 3077 nostro,
1730 3027 1787 3067 uti
1816 3040 1882 3068 so-

175 3098 341 3140 larium’
380 3098 387 3154 Ι
426 3100 599 3149 aedifici,
638 3100 743 3152 quod
775 3098 921 3140 extruit
951 3098 990 3138 in
1022 3097 1265 3146 transitorio,
1306 3097 1573 3137 remitteretur
1602 3096 1677 3138 sibi
1707 3108 1753 3136 ea
1782 3108 1882 3137 con-
