2092 3360
582 163 700 201 Tituli
723 164 820 201 sacri
843 167 882 202 et
904 165 1147 202 secerdotum.
1176 186 1216 192 —
1242 166 1422 203 Silvanus.
1802 167 1855 207 69

400 279 518 320 Nunc
547 292 617 321 vos
647 292 671 319 ο
702 279 793 320 laeti
825 280 926 321 bene
956 282 1078 334 gestis
1109 295 1275 336 corpora
1307 282 1428 324 rebus
1453 282 1459 339 Ι

401 347 620 389 Procul-ate
650 347 722 388 viri
754 353 794 388 et
822 361 982 402 semper
1010 356 1167 403 sperate
1198 349 1422 391 futuruml⁹
1448 351 1455 404 Ι

137 414 183 455 D.
215 415 254 455 d.
286 419 342 460 (in
366 420 493 463 latere)
519 416 677 457 Silvano
702 413 710 471 Ι
737 422 778 456 et
806 417 1014 470 Augurino
1041 418 1048 472 Ι
1075 419 1190 459 cos.¹⁰
1213 417 1220 473 Ι
1247 418 1333 459 XVI
1363 419 1402 459 k.
1434 418 1557 472 April.

255 482 296 516 In
321 493 414 526 agro
441 483 670 518 Vestinorum
693 494 807 527 prope
832 486 1003 527 oppidum
1030 486 1244 529 Capislrano
1276 485 1343 526 (IX
1363 487 1457 521 5375
1480 485 1651 520 viderunt
1672 487 1801 521 Brunn
1823 489 1859 520 et

137 538 306 582 Dressel).
344 540 540 574 Buecheler
563 551 674 574 carm.
692 543 806 584 epigr.
824 543 952 576 n.250.
969 562 1012 567 —
1040 543 1073 585 1)
1098 542 1277 584 Libertus,
1296 546 1528 586 procurator,
1558 544 1595 584 2)
1620 543 1858 587 dispensator.

136 614 181 620 —
206 597 242 639 3)
268 594 321 637 Cl.
347 595 449 637 infra
473 596 519 633 N.
535 598 637 632 3554.
654 616 698 623 —
724 600 759 640 4)
786 598 896 632 Casus
920 603 972 632 est
994 602 1127 634 sextus.
1146 619 1192 626 —
1215 602 1249 642 5)
1275 598 1328 639 or.
1354 599 1463 643 Verg.
1480 600 1542 634 ecl.
1557 601 1663 640 5325.
1689 620 1733 626 —
1757 602 1792 644 6)
1816 600 1860 634 Id

136 663 266 686 nornen
298 654 412 695 fluvio
443 656 508 697 qui
536 665 634 688 nunc
664 655 869 698 appellatur
896 655 1067 690 Tritanus
1096 655 1209 696 fuisse
1231 660 1395 700 apparet.
1430 676 1475 684 -
1510 659 1543 699 7)
1569 656 1625 698 Cs'.
1651 658 1752 694 Ouid.
1777 660 1858 693 met.

136 710 176 752 ὅ,
191 711 266 744 407.
282 729 328 735 -
354 711 390 752 8)
416 711 523 754 Ver-g.
538 722 665 754 georg.
683 712 715 755 1,
732 713 790 746 20.
808 731 847 737 -—
877 714 910 754 9)
937 712 991 753 Cl'.
1009 712 1118 755 Ver-g.
1135 713 1225 746 Aen.
1240 714 1274 754 9,
1290 713 1363 746 157.
1382 713 1458 746 158.
1474 731 1520 738 -
1547 715 1601 756 10)
1626 715 1668 747 A.
1685 715 1759 749 156.

249 811 362 859 3531
415 845 424 854 .
447 844 457 854 .
485 813 491 869 Ι
518 817 554 857 d.
574 816 612 855 d.
641 813 647 869 Ι
674 816 718 856 Τ.
740 816 894 857 Flavius
920 814 928 870 Ι
955 816 1127 856 Sabinus
1153 815 1160 871 Ι
1186 816 1344 856 Silvano
1371 818 1378 867 Ι
1403 824 1555 857 saneto.

252 880 384 915 Romae
408 893 484 926 rep.
514 884 554 915 in
579 882 766 924 Quirinali
796 882 867 926 (VJ
888 883 1000 917 51021
1025 897 1071 911 ==
1094 882 1239 916 Notizie
1262 883 1361 925 degli
1382 887 1482 918 ecavi
1505 884 1592 918 1887
1614 895 1649 927 p.
1669 885 1744 927 109,
1767 886 1860 919 vidit

140 937 268 978 Gatti).
308 938 385 973 Una
407 940 625 982 prodierunt
648 940 716 974 alii
740 941 837 973 tituli
858 940 1027 973 nonnulli
1043 939 1192 973 Siluano
1213 942 1312 973 sacri
1336 939 1496 980 (Notizie
1513 942 1535 974 l.
1552 951 1582 977 c.
1599 956 1645 970 =
1667 942 1858 978 V151020.

136 994 283 1038 51022).
333 995 397 1029 Illo
432 995 514 1036 fere
550 998 627 1031 loco
662 995 778 1037 fuisse
813 996 947 1029 donum
980 996 1107 1030 Flavii
1138 996 1266 1030 Sabini
1300 995 1435 1036 fratris
1467 997 1683 1042 Vespasiani
1716 1002 1860 1033 monuit

137 1051 311 1093 Huelsen,
343 1053 408 1095 qui
430 1054 526 1086 hunc
550 1056 693 1096 cippum
725 1055 879 1087 coniecit
906 1052 1065 1094 fortasse
1096 1055 1140 1086 ab
1165 1055 1243 1096 ipso
1273 1053 1393 1093 fratre
1420 1055 1633 1098 Vespasiani
1656 1056 1859 1090 dedicatum

137 1107 246 1148 (Mus.
272 1107 381 1143 anon.
406 1109 491 1143 1894
513 1120 548 1152 p.
564 1111 657 1151 400).

256 1210 376 1258 3532
422 1213 516 1266 imp.
547 1211 839 1256 !!!!!!!!!¹
872 1218 971 1266 Aug.
999 1214 1006 1269 Ι
1033 1215 1270 1255 Germanico
1300 1215 1381 1264 XV,
1409 1213 1415 1270 Ι
1451 1216 1498 1259 Μ.
1533 1214 1699 1256 Cocceio
1731 1217 1858 1257 Nerva

137 1279 174 1320 11
204 1280 315 1325 cos.².
342 1278 348 1336 Ι
376 1281 559 1322 Thallus³
587 1283 768 1335 agitator,
799 1283 843 1323 L.
866 1283 979 1323 Avilli
1000 1284 1163 1324 Plantae
1194 1296 1286 1330 ser„
1313 1281 1318 1339 Ι
1346 1284 1553 1324 dominum
1576 1284 1778 1325 Silvanum
1808 1285 1858 1325 de

138 1361 211 1389 suo
237 1347 246 1403 Ι
271 1350 405 1401 posuit
429 1350 526 1390 vitem
557 1351 761 1391 dedicavit.

252 1414 384 1450 Romae
415 1416 485 1460 (VJ
506 1417 572 1451 621
602 1419 762 1451 servavit
789 1417 1031 1460 Fabrettius).
1067 1437 1112 1443 —-
1150 1420 1184 1460 1)
1216 1419 1373 1452 Erasum
1407 1429 1536 1452 nomen
1566 1419 1782 1454 Domitiani.
1814 1439 1857 1444 —

136 1473 171 1515 2)
196 1473 238 1506 A.
254 1474 308 1507 90.
335 1492 375 1497 -
406 1475 440 1514 3)
464 1475 607 1517 Auriga
632 1478 850 1507 memorat-us
873 1485 896 1507 a
921 1474 1090 1508 Martiale
1113 1476 1144 1516 4,
1160 1477 1212 1518 67,
1228 1477 1251 1510 5
1275 1478 1311 1508 et
1332 1477 1373 1509 in
1398 1476 1504 1509 titulo
1529 1476 1669 1510 Dioclis
1691 1479 1859 1520 aurigae,

140 1540 242 1572 quem
267 1530 431 1563 dabimus
454 1529 556 1570 infra
582 1534 643 1572 (=
661 1531 714 1564 VI
735 1531 859 1576 10048)
885 1542 916 1564 υ.
934 1531 986 1565 14.

251 1631 367 1678 3533
418 1644 616 1688 (Silvanus,
651 1649 752 1679 stans
781 1647 882 1679 intra
916 1646 1137 1688 aediculam,
1174 1656 1309 1680 corona
1340 1648 1451 1691 pinea
1485 1647 1675 1680 redimitus
1709 1648 1858 1680 sinistra

138 1696 281 1734 ramum
294 1702 441 1744 pineum
459 1702 588 1735 dea-tra
605 1700 738 1742 falcem
755 1706 888 1745 tenens,
912 1705 951 1736 in
967 1705 1050 1736 sinu
1068 1704 1267 1748 chlamydis
1278 1707 1425 1746 gestans
1437 1714 1567 1747 poma‚·
1589 1704 1712 1737 adstat
1729 1703 1857 1747 canis.)

138 1757 183 1798 T.
205 1758 360 1799 Flavius
380 1758 587 1801 Euaristus
617 1767 656 1801 et
675 1762 735 1801 Ti.
757 1761 942 1802 Claudius
963 1762 1180 1802 Sostratus¹
1213 1762 1358 1802 aeditui
1389 1768 1493 1814 port.
1517 1761 1650 1814 Crep.52
1675 1759 1682 1814 Ι
1709 1767 1748 1801 et
1768 1762 1858 1801 Sex.

75 1865 85 1872 ‚
140 1826 295 1868 Caelius
326 1827 543 1880 Encolpius
582 1835 622 1868 et
651 1829 710 1869 Ti.
743 1829 928 1870 Claudius
959 1830 1105 1870 Herma
1143 1831 1322 1871 aedituus
1358 1830 1406 1869 de
1433 1829 1438 1884 Ι
1467 1832 1625 1870 moneta
1656 1830 1859 1870 Silvanum

141 1895 405 1935 monolithum
434 1902 560 1936 sanct.
592 1897 629 1937 d.
661 1910 692 1937 s.
724 1898 760 1937 d.
792 1898 830 1938 d.
861 1897 983 1938 sodal.
1016 1897 1055 1938 b.
1085 1898 1155 1938 m.³

253 1960 396 2004 Romae,
420 1963 598 1995 incertum
615 1974 686 2006 qua
703 1966 851 2007 regione
866 1965 965 1997 urbis
981 1975 1068 2007 rep„
1092 1967 1143 1997 est
1159 1966 1198 1996 in
1215 1964 1361 1997 aedibus
1371 1964 1487 1996 Doria
1507 1963 1651 2004 (V1675
1669 1963 1714 2004 cs?
1727 1963 1859 2005 3081οῑ

140 2019 336 2060 imaginem
361 2017 420 2050 dei
443 2018 557 2051 edidit
579 2017 838 2060 Reifferscheid
861 2030 946 2054 ann.
969 2023 1052 2053 inst.
1076 2021 1175 2054 arclz.
1199 2021 1283 2054 1866
1308 2021 1377 2053 tab.
1400 2019 1431 2053 T
1448 2020 1510 2063 fig.
1528 2021 1546 2053 1
1572 2020 1620 2061 cl'.
1640 2032 1678 2064 p.
1695 2021 1791 2063 211).
1812 2039 1859 2045 -

143 2075 178 2116 1)
203 2074 406 2117 Cognomen
420 2074 566 2118 plenum
582 2086 629 2108 ex
645 2075 885 2108 delineatione
901 2076 1079 2109 Pernzzii.
1095 2095 1142 2100 —
1165 2078 1199 2118 2)
1219 2077 1369 2110 Aeditui
1380 2079 1544 2120 porticus
1561 2077 1779 2122 crepet-eme,
1803 2077 1861 2110 vel

140 2131 320 2172 similiter,
343 2131 621 2174 intellegendum
638 2134 709 2165 erit
729 2142 807 2165 cum
829 2132 1001 2165 Huelseno
1026 2134 1259 2176 (quamquam
1281 2135 1444 2176 porticus
1468 2134 1552 2167 talis
1575 2135 1734 2167 nominis
1754 2144 1859 2177 prae-

141 2190 239 2220 terea
262 2198 336 2220 non
359 2191 621 2231 memoratur);
646 2191 828 2231 porticum
852 2188 918 2232 (et)
946 2190 1164 2232 crepidinem
1187 2190 1418 2224 intellexerat
1440 2190 1644 2226 Mommsen.
1668 2209 1714 2215 -
1745 2191 1780 2233 3)
1804 2189 1859 2222 De

140 2254 206 2279 suo
231 2244 370 2278 donum'
388 2245 563 2278 dederunt
585 2245 768 2278 sodalibus
792 2247 878 2278 bene
899 2248 1127 2280 merentibus.

256 2345 371 2393 3534
420 2349 588 2402 imperio
615 2345 622 2404 Ι
648 2349 798 2389 domini
829 2349 975 2389 Silvani
1003 2346 1009 2403 Ι
1036 2349 1078 2390 C.
1110 2349 1315 2391 Cossutius
1354 2350 1395 2391 C.
1425 2351 1492 2391 lib.
1524 2351 1818 2404 Epaphroditus
1849 2347 1856 2406 Ι

143 2428 250 2463 aram
272 2416 430 2457 Silvano
451 2417 718 2467 marmoravst,
747 2417 840 2458 item
867 2415 873 2472 Ι
899 2417 1151 2459 simulacrum
1172 2418 1356 2460 Herculis
1381 2419 1566 2468 restituit,
1597 2420 1691 2460 item
1717 2419 1723 2471 Ι
1750 2420 1856 2461 aedi-

144 2484 271 2525 culam
310 2490 350 2525 et
386 2497 492 2525 aram
531 2485 707 2526 eiusdem
742 2491 930 2538 corrupta
969 2486 1056 2526 ref.¹
1082 2484 1090 2541 Ι
1116 2487 1317 2528 Dedicavit
1355 2487 1393 2527 k.
1424 2487 1558 2528 Martis
1583 2486 1589 2542 Ι
1617 2489 1661 2529 Ρ.
1692 2488 1856 2529 Calvisio

142 2551 306 2593 Rusone
334 2552 380 2592 L.
411 2553 631 2594 Caesennio
663 2554 782 2594 Paeto
812 2553 912 2594 cos.²

257 2618 389 2653 Romae
413 2619 484 2664 (VI
504 2621 570 2654 597
594 2620 644 2653 ad
666 2620 866 2663 exemplum
890 2621 1040 2664 Pigkii).
1072 2641 1117 2647 —
1149 2623 1181 2664 1)
1205 2621 1353 2662 Refecit.
1383 2641 1428 2647 —
1458 2624 1492 2665 2)
1518 2622 1685 2656 Consules
1707 2621 1859 2663 suffecti

143 2675 296 2716 ruerunt
317 2678 382 2710 sub
408 2676 640 2720 Vespasiano.

258 2777 374 2824 3535
423 2792 498 2833 pro
527 2780 651 2821 salute
687 2787 726 2821 et
761 2779 766 2835 Ι
807 2781 1077 2821 incolumitate
1111 2781 1119 2834 Ι
1158 2781 1592 2833 indulgentissimi-um
1626 2780 1633 2838 Ι
1673 2782 1856 2822 domino·

145 2848 271 2897 rum¹‚
298 2845 306 2903 Ι
332 2847 479 2889 Marcio
500 2848 568 2888 lib.
590 2861 716 2901 proc„
746 2849 869 2890 sacris
890 2861 1028 2888 eorum
1055 2851 1062 2900 Ι
1087 2849 1242 2890 iudiciis
1260 2855 1408 2901 gratus,
1435 2849 1440 2905 Ι
1469 2851 1624 2891 Silvano
1646 2850 1720 2890 deo
1741 2861 1857 2902 prae-

146 2915 250 2955 senti
270 2913 279 2968 Ι
300 2915 485 2968 effigiem,
515 2916 592 2957 loci
614 2923 813 2966 ornatum,
837 2915 842 2964 Ι
870 2917 1104 2969 religionem
1125 2917 1296 2957 instituit
1317 2922 1322 2972 Ι
1346 2918 1669 2970 consecravitque
1692 2915 1699 2971 Ι
1727 2917 1857 2958 libens

145 2981 293 3023 animo.

262 3047 394 3082 Romae
418 3050 490 3091 (VI
507 3051 574 3085 648
596 3050 688 3084 vidit
707 3050 879 3094 Henzen).
904 3070 946 3075 —
972 3052 1006 3093 1)
1030 3049 1087 3085 Sc.
1110 3051 1379 3094 imperatorum.
