2092 3360
303 163 357 202 68
1044 164 1164 210 Caput
1187 164 1251 202 XI.

403 277 528 329 ,3527
568 279 724 320 Silvano
751 277 757 333 Ι
784 290 892 318 sanc.
914 290 991 319 sac.
1019 276 1025 332 Ι
1051 277 1290 336 Dorothelus
1310 282 1408 333 Aug.
1436 279 1441 336 Ι
1469 281 1536 321 lib.
1558 294 1670 334 proc.
1697 281 1703 338 Ι
1731 295 1881 324 massae
1902 281 1909 339 Ι
1930 283 2013 325 Ma-

300 349 415 390 rian.¹
443 346 449 401 ι
475 362 506 388 s.
538 347 575 386 d.
607 347 643 386 d.

417 415 533 448 Ostiae
547 424 634 457 rep.‚
657 414 711 445 est
725 411 856 445 Romae
873 411 983 456 (XIV
988 413 1036 446 52
1053 413 1257 458 descripsi).
1274 433 1320 439 —
1339 417 1370 457 1)
1389 414 1444 455 Cf.
1462 414 1668 457 Hirschfeld
1685 417 1974 462 Verwaltungaeg.
1995 417 2020 452 1

298 484 334 516 p.
351 472 395 506 78
416 474 490 504 not.

2084 422 2092 453 1

2085 461 2092 519 Ι

412 573 527 620 3528
658 574 827 627 silvane,
858 585 968 613 sacra
998 572 1206 613 semicluse
1237 574 1391 626 fraxino
1419 573 1426 629 Ι
2083 527 2092 632 Ι

657 641 708 681 Et
736 641 855 681 huius
884 641 951 680 alti
982 653 1135 681 summe
1164 647 1299 683 custos
1328 643 1488 692 hortuli,
1517 643 1523 700 Ι
2086 634 2092 660 ¹

659 709 749 749 Tibi
779 709 894 749 hasce
925 715 1055 761 grates
1085 708 1311 750 dedicamus
1342 711 1523 761 musicas,
1552 713 1559 767 Ι

660 777 776 824 Quod
809 791 881 818 nos
912 789 985 829 per
1015 789 1104 816 arva
1136 790 1248 830 perq.
1282 780 1427 820 montis
1457 780 1617 832 Alpicos
1643 778 1649 834 Ι

621 853 639 885 5
660 846 814 897 Tuique
844 845 922 885 luci
951 858 1068 885 suave
1099 845 1242 887 olentis
1272 848 1447 899 hospites
1459 848 1483 896 ¹,
1511 847 1517 902 Ι

657 915 757 954 Dum
788 914 849 954 ius
879 913 1060 965 guberno
1092 925 1216 966 remq.
1249 915 1396 967 fungor
1421 915 1644 966 Caesarum,
1673 914 1678 972 Ι
2084 918 2092 948 ¹

659 982 744 1022 Tuo
777 982 909 1021 favore
940 981 1192 1034 prosperanti
1222 983 1402 1035 sospitas.
1430 983 1437 1036 Ι
2076 949 2092 1022 1

660 1049 719 1088 Tu
750 1062 814 1089 me
844 1062 1034 1101 meosque
1064 1050 1230 1090 reduces
1261 1050 1425 1091 Romam
1457 1052 1586 1092 sistito
1615 1050 1621 1105 Ι

656 1118 791 1170 Daque
821 1117 915 1157 Itala
946 1130 1039 1157 rura
1068 1123 1107 1157 te
1137 1118 1313 1159 colamus
1343 1120 1544 1172 praeside:
1572 1118 1579 1174 Ι

602 1192 639 1225 10
662 1185 745 1238 Ego
776 1186 850 1225 iam
883 1185 1023 1225 dicabo
1053 1186 1146 1225 mile
1172 1191 1255 1237 (sic)
1287 1200 1448 1240 magnas
1479 1188 1656 1230 arbores.
1684 1186 1690 1242 Ι

506 1254 550 1293 Τ.
573 1253 770 1306 Pomponi
802 1253 968 1294 Victoris
998 1266 1109 1306 proc.
1141 1255 1372 1307 Augustor.²
2084 1243 2092 1339 Ι

418 1333 584 1374 Αωίπιαε,
610 1333 715 1365 hodie
736 1330 847 1374 Alme,
872 1334 912 1365 in
933 1333 1084 1375 Alpibus
1110 1333 1229 1367 Graiis
1250 1333 1339 1377 (XII
1350 1335 1418 1369 403
1441 1334 1532 1367 vidit
1549 1332 1783 1379 Hirschfeld).
1821 1332 2016 1367 Buecheler

303 1401 413 1424 carm.
436 1391 551 1433 epigr.
574 1400 610 1422 n.
628 1389 680 1422 49.
704 1408 750 1413 ——
777 1391 808 1430 1)
832 1389 948 1423 Feras
970 1390 1144 1423 silvarum
1167 1391 1304 1424 incolas
1328 1391 1463 1431 (Bne).
1487 1410 1532 1416 —
1562 1393 1596 1434 2)
1621 1391 1719 1424 Idem
1746 1389 1783 1424 T.
1799 1391 2016 1433 Pomponius

305 1448 430 1482 Victor
445 1449 665 1479 memoratur
689 1447 728 1478 in
749 1447 854 1479 titulo
879 1446 979 1486 infra
996 1446 1041 1481 N.
1058 1448 1174 1482 3823:
1197 1448 1340 1481 videtur
1354 1448 1466 1489 luisse
1484 1451 1707 1491 procurator
1721 1447 1869 1491 Alpium
1887 1447 2014 1481 Graia·
2086 1450 2092 1478 1

300 1511 383 1537 ‘rum
407 1506 442 1536 et
463 1504 704 1536 Poeninarum
728 1504 945 1545 temporibus
969 1504 1135 1537 divorum
1158 1503 1331 1544 fratrum.
2006 1497 2011 1501 ⁵
2086 1509 2092 1516 ¹

414 1605 528 1653 3529
579 1607 734 1648 Silvano
765 1619 878 1655 sacru,
906 1606 912 1661 Ι
939 1608 990 1647 Μ.
1014 1608 1179 1649 Vicirius
1210 1610 1335 1649 Rufus
1367 1622 1400 1648 v,
1431 1610 1477 1649 s.¹
1508 1608 1514 1662 Ι

662 1675 775 1722 Quod
806 1675 917 1715 licuit
947 1676 1135 1717 Iunianos
1161 1677 1168 1731 Ι
1195 1690 1381 1730 reparare
1412 1683 1577 1729 penates

661 1740 859 1798 quodlque
889 1744 960 1783 tibi
990 1745 1088 1793 vovi,
1124 1746 1253 1797 posui,
1286 1745 1334 1784 de
1359 1744 1365 1800 Ι
1394 1757 1592 1785 marmore
1623 1744 1794 1796 signum.

416 1811 499 1845 Non
532 1811 663 1853 procul
697 1812 740 1843 ab
765 1811 930 1844 Abellino
954 1811 1194 1844 Beneventum
1225 1822 1348 1844 versus
1378 1822 1453 1855 rep.
1493 1810 1545 1855 (X
1565 1811 1647 1845 4114
1676 1811 1770 1844 vidit
1791 1810 2014 1853 Mommsen).

300 1868 496 1902 Buecheler
519 1878 630 1901 carm.
654 1869 769 1910 epigr.
795 1878 830 1901 n.
847 1869 929 1903 258.
946 1887 992 1892 -—
1021 1869 1050 1911 1)
1077 1868 1207 1902 Votum
1230 1869 1347 1902 solvit.

414 1981 529 2027 3530
579 1979 756 2037 S[ilvano
794 1978 964 2037 sac]rum
1003 1978 1258 2039 Athe[naeus]
1300 1983 1411 2023 ..nii
1454 1982 1636 2021 Laterani
1669 1980 1676 2035 Ι
1709 1981 1776 2021 lib.
1808 1981 1934 2034 proc.¹
1975 1986 2015 2021 et

302 2052 500 2105 Eutyches
530 2050 648 2102 disp.2

563 2118 704 2169 Magne
735 2118 871 2167 deum,
913 2118 1067 2158 Silvane
1098 2124 1255 2170 potens,
1284 2116 1290 2171 Ι
1317 2118 1561 2158 sanctissime
1593 2122 1739 2170 pastor,

564 2186 641 2232 Qui
672 2198 811 2224 nemus
839 2184 844 2238 Ι
872 2185 1028 2225 ldaeum
1060 2186 1317 2238 Romanaque
1349 2186 1500 2226 castr-³³
1527 2183 1532 2239 Ι
1559 2185 1770 2238 gubernas,

565 2253 725 2293 Mellea⁴
754 2253 860 2304 quod
892 2254 1029 2293 docilis
1060 2254 1232 2293 iunctast
1261 2253 1331 2293 tibi
1364 2255 1491 2293 fistula
1522 2253 1641 2293 cera.⁵
1666 2251 1672 2308 Ι

563 2322 712 2372 Namqe
738 2325 821 2369 (sic)
855 2321 994 2372 procul
1024 2327 1131 2376 certe
1162 2321 1313 2361 vicinus
1339 2319 1346 2376 Ι
1373 2322 1552 2373 iungitur
1580 2320 1721 2368 amnis,

526 2397 545 2429 5
564 2389 730 2430 Labitur
754 2388 760 2443 Ι
789 2389 893 2428 unda
923 2389 997 2428 levi
1027 2402 1101 2441 per
1130 2389 1284 2429 roscida
1315 2395 1425 2442 prata
1458 2388 1641 2429 Tirinus⁰
1666 2388 1673 2442 Ι

566 2458 728 2509 Gurgite
759 2470 839 2496 non
871 2457 949 2496 alto
981 2457 1114 2497 nitidis
1143 2463 1356 2508 argenteus
1386 2457 1537 2506 undis⁷,
1564 2456 1571 2509 Ι

565 2526 616 2565 Et
644 2532 822 2564 teneram
853 2525 900 2564 ab
931 2525 1063 2565 radice
1094 2526 1240 2574 ferens,
1272 2526 1440 2575 Silvane‚
1470 2521 1749 2577 cupressumz⁸
1776 2522 1782 2574 Ι

565 2594 678 2633 Adsis
708 2593 787 2633 huc
817 2593 928 2640 mihi,
960 2600 1108 2643 sancte,
1139 2595 1273 2634 favens
1305 2605 1495 2644 numenq.
1527 2597 1719 2644 reportes,
1747 2589 1753 2644 Ι

567 2661 683 2708 Quod
713 2661 784 2701 tibi
814 2673 887 2714 pro
919 2661 1068 2701 meritis
1097 2662 1350 2702 simulacrum
1382 2673 1528 2712 aramq.
1560 2659 1683 2699 dicavi
1709 2657 1716 2712 Ι

508 2737 545 2769 10
566 2730 671 2769 Haec
702 2741 775 2781 ego
807 2741 907 2781 quae
937 2730 1012 2769 feci
1043 2730 1296 2769 dominorum
1327 2741 1441 2768 causa
1473 2727 1609 2768 salutis
1636 2727 1641 2779 Ι

567 2797 615 2837 Et
645 2809 729 2837 mea
760 2809 913 2850 proque
944 2797 1042 2837 meis
1073 2810 1212 2837 orans:
1250 2796 1405 2847 vitamq.
1437 2795 1650 2847 benignam
1678 2793 1686 2841 Ι

567 2865 830 2917 officiumque
861 2878 1005 2917 gerens
1035 2866 1166 2905 fautor
1194 2871 1236 2904 tu
1268 2864 1405 2904 dexter
1433 2863 1580 2910 adesto,
1607 2861 1615 2910 Ι

565 2933 667 2973 Dum
699 2933 790 2982 tibi,
830 2934 896 2985 qui
928 2934 1057 2973 resero
1088 2945 1229 2985 quaeq.
1261 2932 1351 2979 aris,
1390 2931 1552 2978 inclute,
1584 2930 1718 2978 reddo,
1745 2927 1752 2983 Ι

565 3001 623 3040 Ex
653 3008 743 3040 voto
775 3001 995 3053 meritoque
1024 3001 1154 3046 libens
1183 3012 1268 3039 mea
1297 2999 1401 3039 dicta
1433 2998 1607 3038 resolvo:
1635 2997 1641 3051 Ι

508 3076 544 3106 15
640 3068 707 3107 llle
739 3081 811 3120 ego
843 3068 910 3119 qui
942 3068 1089 3108 inserui
1122 3079 1268 3108 nomen
1301 3067 1340 3107 in
1372 3079 1438 3107 ara
1469 3078 1613 3105 meum.
1640 3064 1647 3118 Ι
