2092 3360
255 160 339 198 474
983 161 1103 206 Caput
1126 160 1226 196 XIII.

256 276 300 308 cl.
324 275 363 307 di
386 284 433 307 se.
458 273 608 315 morali,
631 283 699 306 ser.
725 272 763 306 V
783 276 808 307 t.
831 273 862 313 7,
894 273 984 307 4893
1004 284 1042 316 p.
1063 275 1134 307 928
1155 291 1201 304 =
1224 273 1368 307 Notizie
1392 274 1489 317 degli
1511 278 1612 309 soavi
1633 277 1717 310 4894
1737 287 1776 320 p.
1800 278 1896 320 453).
1920 297 1964 304 —-

255 331 371 364 Huius
392 330 589 373 persimiles
612 327 765 368 fuerunt
787 328 823 362 X
834 330 931 363 7934.
948 331 1039 364 7932
1065 329 1122 373 (in
1146 332 1213 364 lzoc
1237 341 1268 363 v.
1284 331 1315 365 4.
1331 331 1355 364 2
1380 333 1431 363 est
1457 332 1650 374 [ter]minus
1671 335 1676 376 Ι
1698 331 1903 378 [sonandus
1924 336 1965 368 in

255 389 441 428 utriusque
464 397 496 419 v.
512 387 533 419 4
555 384 631 425 suit
655 384 904 419 Numisiarum
928 386 1169 431 vocabulum).

368 476 482 523 5984
530 479 576 518 ad
611 477 616 532 Ι
651 486 903 531 promuntur.
932 477 937 534 Ι
964 479 1150 520 Veneris¹
1185 479 1191 533 Ι
1225 479 1372 532 public.
1405 480 1617 522 Circeiens.
1645 481 1651 537 Ι
1687 495 1773 535 usq.
1805 484 1851 523 ad
1881 496 1965 524 ma-

255 559 339 587 rem
362 549 445 595 (sic)
474 543 479 600 Ι
506 559 526 586 a
557 547 728 586 termino
763 543 924 586 LXXX²
948 544 955 603 Ι
981 547 1089 600 long.
1121 548 1209 600 ped.
1231 548 1276 596 L,
1308 547 1405 599 [la]t.
1437 561 1501 601 pe.
1524 549 1700 591 CCXXV.

367 614 481 656 Prope
512 616 665 646 montem
691 613 912 647 Circeiorum
948 616 989 647 in
1018 625 1108 658 rupe
1138 615 1318 658 laevigata
1356 614 1407 659 (X
1426 617 1515 651 6430
1549 617 1642 651 vidit
1668 605 1898 663 Mommsen).'
1921 637 1968 644 —

258 672 288 712 1)
313 670 388 703 Hoc
410 672 554 703 nomine
576 673 871 713 promunturium
897 670 1094 704 Circeiense
1119 671 1208 704 alibi
1230 681 1303 704 non
1328 673 1556 715 appellatum.
1581 693 1624 698 —
1656 675 1691 716 2)
1718 673 1966 719 Octogesimo;

254 726 303 765 cli
327 726 518 760 Mommsen
543 727 564 760 l.
583 737 612 760 e.

369 806 481 853 5985
532 810 634 850 fossa
664 809 822 862 publica
850 809 856 863 Ι
882 816 921 849 et
950 809 1053 849 intra
1091 805 1251 863 foslsam
1279 807 1285 864 Ι
1313 841 1323 852 .
1347 840 1357 849 .
1381 840 1390 850 .
1456 828 1458 831 ·

370 875 439 909 Ste.
473 875 634 909 Colombe
668 887 779 920 prope
818 877 993 911 Viennam
1027 887 1118 919 rep„
1158 876 1269 909 stelae
1299 887 1390 919 pars
1422 879 1589 920 superior
1627 877 1722 922 (XII
1752 879 1840 913 4908
1875 879 1968 912 vidit

254 930 487 976 Hirschfeld).

369 1012 482 1058 5986
530 1021 650 1066 caput
681 1015 833 1055 limitis¹
863 1013 867 1069 Ι
895 1015 1148 1055 Lonti·iconis
1175 1012 1181 1070 Ι
1207 1022 1475 1067 permutatum
1503 1013 1509 1070 Ι
1536 1028 1583 1056 ex
1613 1016 1650 1055 d.
1683 1016 1721 1058 d.

371 1081 498 1125 Catajo
519 1092 634 1125 prope
650 1081 736 1115 Este
759 1083 799 1114 in
815 1092 947 1124 museo,
971 1082 1115 1114 videtur
1130 1091 1204 1114 non
1221 1081 1367 1114 aliunde
1391 1083 1540 1116 advecta
1564 1086 1605 1115 ut
1625 1083 1719 1116 aliae
1742 1086 1820 1117 eius
1841 1085 1968 1126 musei,

253 1138 316 1171 sed
337 1140 377 1171 in
401 1139 467 1171 illa
490 1141 638 1182 regione
662 1142 805 1182 reperta
831 1138 883 1182 (V
900 1139 991 1173 2546
1014 1138 1109 1171 vidit
1130 1137 1355 1182 Mommsen).
1379 1158 1425 1163 ——
1451 1141 1484 1181 1)
1510 1137 1562 1179 Cf.
1591 1139 1750 1175 Gromat.
1773 1151 1809 1184 p.
1824 1140 1904 1184 307,
1926 1141 1968 1175 46

255 1195 400 1228 Lachm.
452 1195 583 1229 Vicani
614 1196 730 1238 eapite
755 1196 892 1238 limitis,
920 1194 1058 1228 seilicet
1088 1196 1159 1228 vici
1191 1194 1346 1228 alieuius
1370 1195 1475 1238 dieti,
1508 1200 1754 1230 memorantur
1782 1198 1822 1229 in
1846 1201 1867 1231 t.
1892 1196 1969 1231 Mo-

251 1253 481 1293 gonliacensi
502 1252 592 1285 XIII
613 1253 696 1286 6764
712 1268 757 1281 =
777 1252 910 1286 Westd.
927 1251 1101 1286 Zeiisclzr.
1118 1252 1170 1293 44,
1187 1252 1275 1286 4892
1297 1263 1333 1295 p.
1351 1253 1432 1286 289.

368 1332 482 1378 5987
541 1334 583 1373 Ρ.
615 1334 813 1386 Scipionis
854 1331 859 1388 Ι
902 1334 1100 1373 Orestini¹
1142 1332 1149 1388 Ι
1189 1334 1326 1386 privat.
1358 1344 1417 1385 (In
1442 1345 1556 1377 altero
1583 1344 1709 1389 latere)
1742 1335 1817 1375 ool.
1849 1335 1966 1376 Herc.

255 1402 356 1443 Tel.²
381 1401 386 1457 Ι
415 1403 456 1442 Ρ.
480 1402 612 1454 Scipio
644 1401 728 1445 ded,
759 1399 764 1456 Ι
792 1402 865 1441 loc.

372 1468 526 1502 Telesiae
549 1479 636 1511 rep„
659 1471 711 1501 est
733 1467 888 1511 Neapoli
911 1467 982 1511 (IX
1000 1468 1092 1502 2249
1115 1467 1207 1500 vidit
1230 1467 1422 1501 Mommsen
1430 1477 1446 1512 ,·
1469 1479 1579 1502 unam
1603 1469 1765 1502 litteram
1787 1469 1968 1513 supplevit

256 1537 302 1558 ea:
325 1525 458 1569 lapidis
478 1525 625 1568 gemelli
647 1524 855 1567 fragmento
889 1525 985 1567 quod
1016 1524 1108 1557 vidit
1136 1524 1325 1568 Telesiae).
1362 1543 1408 1550 —
1445 1526 1477 1567 1)
1502 1525 1614 1558 Homo
1638 1528 1680 1558 ut
1702 1526 1845 1559 videtur
1867 1527 1966 1560 nobi·

257 1583 312 1625 lis,
336 1583 399 1616 sed
420 1584 608 1626 praeterea
632 1583 790 1624 ignotus.
813 1600 860 1606 -—-
882 1582 916 1624 2)
943 1580 1113 1615 Coloniae
1137 1581 1327 1614 Herculiae
1350 1580 1404 1626 (0.
1422 1582 1450 1615 I.
1468 1582 1509 1616 L.
1532 1581 1584 1616 IX
1603 1593 1639 1625 p.
1657 1582 1743 1626 205)
1772 1582 1966 1618 Telesinus.

371 1639 415 1674 M.
443 1638 533 1673 Tulli
558 1637 603 1672 M.
628 1638 650 1670 f.
677 1648 754 1671 area
779 1638 912 1681 privata
936 1648 1048 1681 supra
1073 1637 1119 1672 N.
1134 1639 1253 1672 5398&

370 1718 486 1765 5988
543 1721 647 1760 inter
677 1719 777 1759 duos
803 1717 808 1772 Ι
836 1719 1004 1771 parietes
1031 1716 1037 1773 Ι
1063 1719 1234 1759 ambitus
1263 1719 1402 1772 privat.
1429 1717 1437 1773 Ι
1465 1719 1568 1759 Flavi
1600 1719 1776 1760 Sabini¹.

369 1787 502 1820 Romae
524 1797 599 1830 rep.
622 1787 662 1819 in
687 1785 874 1827 Quirinali
898 1785 970 1829 (Vl
990 1786 1102 1819 29788
1126 1786 1318 1829 aliquoties
1340 1787 1519 1829 descripta
1542 1797 1633 1820 saec.
1649 1785 1762 1826 XVI).
1779 1805 1824 1811 —
1851 1788 1882 1829 1)
1909 1785 1967 1827 Cf.

255 1854 367 1886 supra
391 1843 436 1877 N.
459 1844 551 1878 3334
578 1845 651 1890 nol.

371 1923 485 1970 5989
544 1925 592 1965 ab
623 1924 770 1977 angulo
806 1923 812 1978 Ι
854 1925 920 1976 qui
952 1925 1076 1976 ripam
1113 1922 1119 1979 Ι
1155 1924 1350 1976 contingit
1383 1922 1389 1980 Ι
1425 1937 1552 1977 usque
1581 1931 1621 1964 at
1649 1925 1747 1964 viam
1784 1923 1790 1980 Ι
1823 1925 1967 1965 Flami-

258 1994 361 2034 niam
389 1993 396 2047 Ι
423 1994 657 2047 Calpurniae
685 1990 691 2048 Ι
717 1994 769 2034 Μ.
804 1993 847 2033 f.¹
879 1993 1081 2034 Messallae
1108 1993 1114 2046 Ι
1141 1993 1303 2045 privata.

368 2060 500 2094 Romae
523 2072 598 2105 rep.
623 2061 672 2095 ad
693 2063 814 2105 ripam
834 2059 981 2102 Tiberis,
1007 2062 1130 2103 cippus
1155 2059 1228 2103 (VI
1246 2059 1360 2094 29782
1384 2059 1477 2093 vidit
1493 2059 1730 2105 Fabretlius).
1747 2079 1793 2086 —
1818 2062 1851 2102 1)
1874 2060 1969 2094 For·

257 2120 350 2150 tasse
367 2117 564 2161 Calpurnia
588 2129 686 2152 uoeor
706 2117 781 2159 fuit
796 2117 844 2152 M.
860 2117 1047 2150 Messallae
1065 2117 1223 2158 Corvini,
1248 2115 1295 2155 cf.
1312 2117 1529 2159 Prosopogr.
1546 2118 1629 2159 imp.
1645 2115 1744 2151 Rom.
1761 2117 1820 2151 III
1837 2127 1874 2160 p.
1887 2118 1966 2152 367.

371 2197 485 2243 5990
542 2200 655 2241 locus
684 2202 725 2241 in
758 2212 838 2253 quo
879 2198 886 2253 Ι
926 2199 1094 2238 maceria
1126 2205 1185 2238 est
1223 2205 1262 2238 et
1303 2197 1308 2252 Ι
1348 2199 1516 2239 maceria
1546 2199 1694 2252 privata
1735 2196 1741 2253 Ι
1782 2199 1834 2239 Μ.
1864 2198 1967 2239 Mes·

257 2267 363 2307 sallai
389 2266 395 2322 Ι
425 2267 594 2308 Corvini.

371 2334 502 2368 Romae
528 2335 596 2379 (VI
618 2336 730 2369 29789
755 2335 865 2369 deser.
889 2334 1098 2367 Fabi-eitius
1122 2332 1284 2377 aliique).

371 2413 481 2460 5991
541 2415 582 2455 in
613 2427 708 2467 agro
735 2412 742 2470 Ι
770 2415 811 2455 Ρ.
842 2414 984 2454 Paacili
1012 2411 1018 2468 Ι
1044 2414 1238 2454 terminus
1264 2412 1271 2468 Ι
1298 2421 1403 2455 totus
1434 2420 1493 2454 est
1519 2411 1526 2468 Ι
1552 2414 1746 2454 conlocat.

372 2483 489 2526 Prope
512 2482 657 2516 Marino
689 2482 859 2525 oppidum
884 2483 968 2524 agri
991 2482 1141 2523 Albani,
1174 2482 1300 2524 cippus
1323 2480 1456 2524 lapidis
1480 2482 1544 2524 qui
1566 2480 1728 2513 Albanus
1751 2480 1896 2523 dieitur,
1926 2482 1967 2514 in

259 2541 395 2573 duobus
420 2540 593 2573 lateribus
617 2540 799 2582 contiguis
823 2539 942 2571 eodem
968 2538 1073 2571 tilulo
1098 2539 1294 2579 inscriptus
1319 2537 1352 2577 (I
1367 2537 1465 2571 4426.
1489 2535 1581 2571 XIV
1589 2537 1680 2571 2488
1701 2536 1806 2580 vidi).

372 2619 487 2665 5992
544 2621 738 2661 terminus
765 2618 770 2674 Ι
797 2603 971 2673 privatus
998 2617 1003 2673 Ι
1030 2620 1117 2660 loco
1148 2619 1310 2671 prilvato
1337 2616 1343 2673 Ι
1369 2618 1479 2658 Terti
1508 2617 1608 2669 Magi
1635 2614 1642 2670 Ι
1667 2616 1874 2658 Mansueti.

374 2689 488 2730 Prope
510 2688 715 2731 Aquileiam
740 2686 792 2732 (V
812 2687 899 2720 4050
923 2684 971 2726 ef.
993 2697 1029 2728 p.
1047 2686 1136 2719 4025
1161 2685 1330 2718 viderunt
1352 2684 1536 2727 Majonica
1561 2687 1594 2717 et
1619 2682 1858 2726 Gregorutti).

373 2767 485 2813 5993
544 2769 585 2809 C.
617 2769 719 2809 Sesti
760 2768 801 2810 C.
833 2768 860 2807 f.
890 2780 1029 2807 murus
1065 2765 1070 2821 Ι
1104 2773 1212 2807 totus
1242 2766 1429 2820 proprius
1460 2773 1518 2806 est
1557 2764 1565 2818 Ι
1598 2771 1637 2805 et
1666 2764 1779 2806 locus
1809 2765 1900 2806 ubei
1931 2766 1966 2806 is

260 2849 398 2877 murus
426 2844 513 2877 stat.

373 2903 503 2937 Romae
528 2904 600 2944 (VI
618 2905 728 2938 29790
755 2901 862 2937 semel
885 2902 1062 2945 descripta
1087 2912 1179 2935 saec.
1203 2900 1334 2944 XVII).

373 2982 485 3028 5994
543 2985 584 3025 C.
616 2984 723 3024 Larti
753 2983 906 3023 Garruli
934 2982 940 3037 Ι
967 2983 1138 3036 parietes
1167 2982 1306 3042 privati
1337 2982 1486 3034 privato
1517 2981 1615 3021 solo.

373 3051 539 3093 Anger-ae
562 3051 611 3084 ad
633 3051 751 3084 lacum
778 3050 981 3084 Verbanum
1007 3050 1065 3090 (V
1073 3050 1165 3084 5485
1188 3048 1286 3082 solus
1308 3050 1465 3081 servavit
1490 3047 1693 3092 Cyriacus).
