2092 3360
239 215 321 253 422
943 213 1062 258 Caput
1084 213 1185 248 xm.

351 331 465 371 Prope
497 327 645 361 Viterbo
676 329 715 359 in
747 326 976 370 aquaeductu
1005 336 1098 368 rep„
1135 328 1187 359 est
1218 325 1358 360 Vites-bi
1394 326 1465 370 (XI
1483 329 1592 362 5003·
1622 329 1716 362 vidit
1746 329 1951 372 Bor-mann,-

236 386 418 430 particula
442 386 595 418 alterius
619 384 775 426 exempli
797 385 849 415 est
872 383 925 416 XI
944 383 1037 418 5005
1044 381 1092 427 ¹³).
1128 402 1173 407 ——
1212 384 1244 426 1)
1267 383 1439 417 Fortasse
1463 384 1556 417 idem
1586 388 1639 418 est
1662 385 1716 419 IX
1734 387 1820 427 948,-
1854 388 1951 420 inter

236 445 391 476 maiores
415 442 491 473 eius
514 440 659 472 videtur
680 438 794 479 fuisse
820 439 860 481 Q.
877 439 1047 473 Valerius
1071 439 1227 482 Vegetus
1258 440 1384 474 consul
1406 441 1577 483 suffectus
1601 452 1633 475 a.
1655 452 1693 485 p.
1721 441 1801 476 Chr.
1823 443 1882 477 92.
1906 462 1950 468 —

237 501 271 540 2)
297 497 350 537 Cf.
374 496 420 531 N.
436 497 534 531 4002.
560 497 655 530 4047.
679 516 725 520 —
755 498 790 539 3)
819 496 942 530 Oratio
966 496 1109 529 videtur
1131 496 1295 539 paullum
1318 498 1478 531 turbata.
1503 516 1548 522 —
1578 499 1613 540 4)
1638 498 1765 541 Aquae
1788 499 1952 534 Passaris

237 557 481 587 memorantur
504 555 543 586 in
569 553 690 586 tabula
709 554 994 595 Peutingemna,
1018 557 1060 586 ut
1082 556 1248 587 extantes
1271 553 1320 587 ad
1341 555 1437 587 viam
1455 553 1630 595 Cassiam,
1655 554 1708 588 IX
1719 555 1794 590 mil.
1813 566 1836 588 a
1850 555 1950 591 Foro

239 612 355 652 Cassa·
378 611 463 643 item
487 620 511 643 a
535 609 706 643 Martiale
721 611 754 654 6,
770 611 826 650 42,
842 611 874 645 6.
908 610 1080 643 Formam
1097 611 1352 654 aquaeductus,
1377 611 1495 654 qualis
1511 622 1584 644 esse
1605 613 1737 657 potuit,
1762 612 1951 646 adumbra-

237 670 289 700 vit
304 667 527 700 Lancianius
552 666 584 699 le
603 677 716 709 acque
730 678 766 710 p.
781 668 860 702 579.
882 686 929 691 --
953 668 987 709 5)
1012 666 1133 709 Supra
1156 669 1305 710 scripta.
1321 687 1367 692 —
1391 669 1424 710 6)
1450 667 1512 701 Sic
1527 668 1661 709 Bor-m„
1687 668 1791 702 Avilli
1817 669 1953 712 legerat

236 723 376 757 Nissen.
406 742 452 747 —
488 725 521 766 7)
544 722 683 757 Nomen
706 726 849 758 mirum.
888 722 942 763 Cr.
967 722 1012 757 N.
1029 724 1125 758 3770.
1151 744 1196 749 —
1233 725 1267 766 8)
1292 724 1429 758 Latiarii
1453 725 1601 766 Nissen,
1638 724 1777 759 Latialis
1795 727 1950 768 priores.

236 800 282 805 —-
306 782 339 823 9)
364 780 441 815 Ser.
469 779 709 814 Ferentiensis.
757 780 825 814 Via
851 781 950 814 dicta
974 782 1019 813 ab
1047 781 1178 823 oppido
1203 781 1387 824 Ferentio,
1419 782 1516 825 quod
1537 786 1737 815 memorant
1764 781 1846 817 Tac.
1869 784 1950 818 hist.

235 838 277 878 2,
299 838 345 871 50
369 837 527 879 aliique;
565 835 614 875 cf:
637 847 748 880 supra
773 837 818 871 N.
835 838 939 871 2542.
963 837 1065 872 5045.
1091 857 1134 862 -
1164 839 1218 880 10)
1244 838 1399 872 Senatus
1423 840 1596 873 consulto.

353 941 469 985 5772
515 941 555 981 C.
574 941 727 995 Oppius
746 941 885 990 Verus,
909 942 951 981 L.
969 942 1170 995 Turpilius
1196 943 1203 998 Ι
1230 944 1389 985 Priscus
1419 946 1465 992 f.‚
1496 944 1640 984 llllvir.
1663 945 1688 984 i.
1713 945 1750 985 d.
1778 943 1784 1000 Ι
1811 958 1951 998 aquam

238 1011 447 1051 caelestem
478 1009 719 1050 dilabentem
750 1007 966 1065 monltibus
1006 1011 1209 1051 collectam
1246 1012 1434 1053 interciso
1465 1025 1608 1065 aggere
1643 1010 1649 1068 Ι
1684 1025 1756 1066 per
1786 1014 1951 1054 formam

237 1079 337 1119 cui-,¹
367 1091 437 1119 sua
468 1080 609 1119 factam
640 1079 680 1119 in
713 1078 888 1134 piscilnis
918 1080 1140 1132 repurgatis
1171 1080 1291 1132 longo
1322 1087 1502 1133 tempore
1532 1080 1791 1135 ces1santibus
1826 1095 1866 1135 p.
1897 1083 1955 1136 p.²

238 1147 513 1200 perduxerunt
548 1144 553 1202 Ι
590 1154 630 1187 et
658 1160 709 1199 pe
727 1177 1019 1191 ...........
1051 1157 1161 1198 (Hinc
1185 1157 1299 1200 illinc,
1323 1157 1456 1191 litteris
1479 1159 1692 1205 maioribus)
1718 1162 1766 1190 ex
1786 1173 1844 1179 —-
1863 1163 1895 1191 s.
1917 1163 1951 1190 c.

331 1214 443 1248 Corae
467 1213 520 1258 (X
538 1215 628 1248 6326
652 1214 845 1247 Mommsen
869 1215 962 1248 vidit
980 1215 1152 1258 partem).
1178 1234 1220 1239 —
1255 1217 1287 1258 1)
1313 1214 1421 1250 Cura.
1445 1235 1490 1241 —
1515 1218 1548 1259 2)
1573 1218 1730 1251 Pecunia
1750 1219 1908 1261 publica.

353 1317 468 1363 5773
517 1319 561 1359 T.
585 1320 731 1360 Statius
762 1320 804 1359 P.
834 1320 862 1359 f.
894 1320 1023 1368 Maru,
1051 1318 1057 1374 Ι
1093 1319 1138 1359 Τ.
1160 1320 1346 1361 Ammaus
1378 1321 1420 1362 Ρ.
1451 1322 1477 1361 f.
1508 1321 1653 1371 Nerva,
1681 1322 1686 1375 Ι
1723 1322 1764 1363 C.
1786 1322 1954 1363 Caedius

238 1389 279 1431 T.
315 1388 343 1427 f.
374 1387 500 1427 Pansa
526 1386 534 1440 Ι
560 1388 673 1438 aed.²‚
705 1400 751 1428 ex
785 1401 822 1439 p.
854 1387 912 1427 d.2
941 1400 1082 1439 aquam
1110 1386 1116 1443 Ι
1143 1388 1358 1428 saliendam
1390 1385 1441 1429 c.³

353 1454 524 1488 Secenari
542 1464 656 1497 prope
681 1454 951 1497 Castelvoechto,
975 1456 1038 1487 ubi
1061 1454 1137 1494 fuit
1162 1454 1432 1498 Superaequum
1448 1456 1714 1499 Paelignorum,
1739 1457 1872 1490 litteris
1895 1468 1953 1491 ve—

239 1512 342 1544 tustis
366 1511 436 1551 (IX
453 1511 548 1546 5542
573 1511 665 1544 vidit
687 1509 859 1556 Dressel).
876 1530 922 1536 —
949 1512 980 1554 1)
1006 1511 1102 1546 Nota
1129 1515 1201 1545 tres
1225 1512 1359 1546 aediles
1380 1514 1481 1556 pagi.
1497 1532 1543 1537 —-
1567 1514 1601 1555 2)
1628 1514 1718 1556 Pagi
1741 1515 1894 1549 decreto.
1908 1534 1951 1539 —

239 1570 271 1610 3)
298 1569 532 1602 Cur-averunt.

353 1659 470 1707 5774
517 1662 561 1702 L.
594 1661 783 1703 Faberius
814 1662 856 1703 C.
887 1664 910 1706 f.
946 1663 1053 1705 Pom.
1091 1662 1253 1703 Murena
1285 1664 1293 1712 Ι
1326 1675 1466 1716 augur,
1498 1664 1643 1712 llllvir‚
1675 1665 1774 1714 aed„
1809 1663 1816 1719 Ι
1851 1677 1953 1718 aqua

239 1743 339 1783 quae
384 1730 530 1770 fluebat
574 1730 747 1770 ex'lacu
791 1730 967 1783 conlegit
1012 1738 1051 1770 et
1095 1731 1300 1771 salientem
1346 1732 1387 1771 in
1433 1732 1543 1772 laeu¹
1593 1732 1765 1785 redegit,
1806 1732 1814 1786 Ι
1852 1733 1890 1773 d.
1919 1746 1951 1774 s.

268 1828 278 1838 .
310 1799 335 1838 f.
367 1812 401 1839 c.

238 1811 263 1852 p
351 1866 467 1899 Antea
493 1866 543 1899 ad
563 1865 600 1900 S.
616 1866 738 1899 Felice
764 1866 898 1908 Circeo,
921 1867 985 1898 ubi
1006 1865 1160 1905 fuerunt
1184 1867 1327 1909 Circeii,
1358 1870 1409 1899 est
1437 1866 1654 1900 Terracinae
1678 1866 1727 1907 (X
1747 1868 1837 1902 6428
1861 1868 1953 1901 vidit

238 1922 460 1966 Mommsen).
482 1941 526 1946 -—-
557 1923 590 1964 1)
613 1922 785 1955 Fortasse
808 1922 920 1955 lacum
946 1923 1102 1963 (duobus
1121 1925 1314 1965 postremis
1338 1924 1470 1956 litteris
1494 1926 1748 1966 contignatis).

353 2025 464 2072 5775
519 2027 570 2067 M.
592 2027 643 2066 Μ.
665 2027 842 2067 Lartieni
864 2027 1002 2068 Sabini
1023 2033 1143 2083 *pater
1169 2026 1176 2083 Ι
1202 2033 1243 2068 et
1265 2027 1381 2076 filius,
1415 2027 1747 2079 quinquennales,
1778 2039 1919 2080 aquam
1941 2024 1948 2083 Ι

240 2096 280 2136 in
314 2097 450 2135 sanum
481 2108 552 2136 sua
584 2095 750 2149 inpensa
779 2095 1071 2148 perduxerunt,
1114 2095 1311 2142 salienltes
1343 2095 1578 2147 quadrifaria
1615 2107 1688 2136 suo
1717 2095 1806 2136 loco
1835 2095 1950 2137 resti-

238 2169 421 2213 tuerunt,
460 2163 615 2204 canales
644 2160 849 2220 veltustate
890 2171 1101 2217 corruptos
1142 2170 1181 2204 et
1209 2164 1432 2216 dissupatos
1470 2163 1751 2212 restituerunt,
1788 2162 1950 2217 fistullas

241 2244 380 2272 omnes
411 2238 450 2271 et
479 2232 603 2284 sigilla
634 2232 783 2272 ahenea
811 2239 1046 2286 posuerunt,
1085 2238 1187 2273 tecta
1218 2227 1476 2288 refecelrunt;
1522 2231 1654 2272 omnia
1683 2243 1752 2272 sua
1782 2231 1948 2284 inpensa

240 2301 436 2340 fecerunt.

359 2367 402 2399 In
426 2367 636 2409 Aequiculis
660 2367 736 2400 loco
762 2368 856 2401 dicto
883 2367 918 2401 S.
935 2369 1054 2401 Pietro
1073 2367 1110 2400 di
1129 2367 1222 2404 Colle
1237 2377 1348 2409 rosso,
1374 2366 1500 2400 deinde
1516 2366 1756 2409 Fiamig-nani
1779 2364 1848 2406 (IX
1859 2365 1948 2400 4450

240 2424 333 2457 vidit
355 2423 525 2464 Dressel).

355 2526 469 2572 5776
517 2528 714 2568 Mercurio
746 2529 845 2580 Aug.
877 2540 954 2567 sac.
982 2524 988 2582 Ι
1024 2539 1097 2579 pro
1127 2528 1252 2568 salute
1292 2528 1386 2581 imp.
1419 2527 1526 2567 Caes.
1557 2526 1608 2566 Μ.
1636 2525 1782 2566 Aurelli
1813 2525 1949 2566 Severi

243 2594 464 2650 Alelxandri
486 2596 544 2636 Pii
566 2596 706 2636 Felicis
727 2595 826 2647 Aug.
859 2609 897 2648 p.
924 2608 990 2643 m.,
1021 2608 1060 2647 p.
1082 2609 1135 2648 p.‚
1167 2596 1258 2636 trib.
1291 2602 1372 2648 pot.
1394 2595 1500 2644 XH',
1527 2593 1532 2646 Ι
1560 2605 1730 2646 procos„
1762 2598 1801 2632 et
1830 2592 1950 2633 Iuliae

242 2665 416 2704 Mameae
447 2666 559 2716 Aug„
601 2665 735 2704 matris
765 2664 864 2716 Aug.
892 2662 898 2719 Ι
925 2670 964 2704 et
993 2669 1117 2704 senat.
1149 2669 1188 2703 et
1216 2669 1308 2716 pat.‚
1337 2669 1409 2704 tot.
1441 2676 1479 2715 q.
1509 2663 1648 2702 domus
1687 2659 1841 2700 divinae
1880 2672 1949 2701 eo-

243 2745 331 2772 rum
358 2731 364 2787 Ι
392 2733 439 2780 Q.
462 2732 647 2773 Cervius²
675 2732 720 2772 L.
742 2733 768 2772 f.
791 2732 999 2772 Lucretius
1020 2732 1210 2772 Maximus
1232 2738 1270 2772 et
1291 2731 1331 2772 C.
1354 2730 1558 2772 Geminius
1584 2726 1590 2783 Ι
1617 2729 1659 2770 C.
1682 2729 1706 2767 f.
1729 2727 1950 2769 victoricus

243 2799 387 2840 aediles
418 2814 447 2843 s,
481 2814 517 2852 p.
549 2802 576 2840 f.
609 2806 648 2841 et
678 2800 728 2840 ob
760 2800 1044 2840 dedicationem
1073 2798 1079 2853 Ι
1114 2799 1275 2852 epulum
1306 2797 1588 2839 decurionibus
1618 2802 1658 2836 et
1687 2795 1845 2836 missilia
1876 2808 1949 2848 po-

243 2867 337 2920 pulo
365 2865 372 2923 Ι
398 2868 594 2909 dederunt
624 2874 663 2909 et
690 2869 818 2910 fistula
847 2867 1032 2921 plumbea
1063 2880 1152 2907 cum
1184 2866 1385 2920 epitonio⁸
1410 2865 1418 2918 Ι
1443 2877 1558 2905 aereo
1589 2864 1636 2904 ad
1668 2863 1819 2903 labrum
1851 2863 1949 2916 lapi-

244 2936 359 2976 deum
390 2949 490 2988 aqua
522 2933 593 2992 u[t]
624 2937 757 2977 saliret
782 2934 788 2991 Ι
815 2948 940 2988 aeque
971 2948 1040 2976 sua
1072 2935 1239 2988 pecunia
1271 2938 1524 2974 curaverunt.
1551 2930 1556 2987 Ι
1584 2931 1627 2972 L.
1650 2932 1686 2974 d.
1710 2931 1746 2971 d.
1769 2931 1806 2971 d.

350 3014 504 3047 Henckir
519 3013 704 3048 Kliamissa
718 3026 831 3059 prope
846 3015 913 3048 Bir
927 3013 1126 3056 Mscherga,
1142 3014 1206 3046 ubi
1220 3011 1296 3052 fuit
1309 3012 1543 3054 municipium
1562 3009 1786 3050 Giufitanum
1799 3009 1950 3050 Africae

246 3069 421 3112 (Bulletin
445 3070 494 3103 du
519 3070 648 3104 comite
670 3072 731 3105 des
754 3074 914 3105 travauae
937 3071 1020 3105 hist.
1044 3070 1134 3104 4895
1155 3080 1191 3113 p.
1207 3069 1287 3109 205,
1323 3065 1371 3107 cl:
1397 3066 1514 3100 Bevue
1537 3066 1580 3100 de
1601 3066 1691 3110 phil.
1714 3066 1799 3101 4894
1827 3077 1864 3110 p.
1886 3065 1948 3100 474

248 3125 386 3167 Cagnat
410 3126 502 3159 vidit
524 3129 718 3171 ectypum).
735 3146 781 3151 —
807 3128 839 3169 1)
863 3127 906 3161 A.
922 3127 1006 3162 255.
1023 3145 1068 3151 -
1091 3127 1126 3168 2)
1150 3125 1245 3158 Idem
1268 3133 1396 3157 nomen
1421 3123 1540 3157 eodem
1563 3121 1641 3160 fere
1666 3123 1753 3166 loco,
1779 3122 1871 3157 VIII
1884 3122 1948 3158 864
