2092 3360
211 184 293 223 308
947 182 1068 228 Caput
1090 181 1173 218 XII.

485 298 561 338 tale
592 298 661 337 00³
701 309 839 350 speres
870 304 908 338 et
937 298 1022 351 ipse
1052 298 1190 339 venire
1225 297 1345 338 diae⁴.
1373 297 1378 350 Ι

483 366 614 406 Iustus
645 378 718 418 ego
754 378 835 405 non
867 366 994 418 patrio
1026 373 1087 406 set
1116 372 1297 406 materno
1329 366 1492 406 nomine
1524 366 1664 415 dictus,
1691 366 1696 421 Ι

485 446 662 486 paupere
692 439 806 486 patre
837 434 997 486 quidem
1028 440 1088 475 set
1117 434 1244 475 fame⁶
1274 434 1392 475 divite
1421 435 1510 475 vixi.
1538 434 1542 490 Ι

481 501 674 542 Tibicinis
705 507 827 542 cantu
857 502 1065 543 modulans
1099 503 1253 544 alterna
1282 503 1460 544 vocando
1488 500 1494 558 Ι

482 569 642 610 Martios
672 575 847 610 ancentu
876 570 1083 612 stimulans
1113 571 1331 624 gladiantes
1362 572 1403 612 in
1437 584 1541 612 arma
1573 571 1737 612 vocavi‘.
1767 569 1771 625 Ι

211 636 289 683 Qui
321 636 396 676 vixi
428 638 544 678 annis
574 637 661 678 XXI
691 637 818 678 m.-XI
849 638 886 679 d.
907 637 1096 679 XXVIIII.
1125 638 1129 694 Ι

485 706 614 747 Iustus
645 719 718 760 ego
750 713 878 747 morte
908 707 1048 748 acerba
1078 708 1176 760 peri.
1206 705 1211 760 Ι

211 774 403 814 Parentes
432 775 512 815 filio
542 774 856 828 incomparabili.

327 840 481 882 Venafri
503 852 579 885 rep.
603 841 654 883 (X
666 842 752 876 4945
777 842 1044 886 descripserunt
1061 843 1094 877 V
1095 842 1267 883 enas'rani
1285 843 1368 885 duo,
1391 844 1480 875 satis
1498 845 1667 876 accurate
1689 845 1732 875 ut
1753 841 1923 886 videtur).

207 897 402 931 Buecheler
427 908 537 932 carm.
562 900 677 942 epigr.
699 910 734 933 n.
752 899 850 933 4549.
877 918 924 924 -
950 901 981 942 1)
1007 899 1176 936 Subsiste.
1197 919 1245 925 —
1275 902 1309 943 2)
1333 900 1536 935 Festinans.
1559 917 1605 924 —
1629 900 1663 942 3)
1689 898 1810 932 Talem
1834 909 1924 941 eum,

209 955 244 994 4)
261 954 363 988 diem.
377 974 421 978 —
439 956 473 998 5)
490 955 637 991 Famae.
651 975 693 980 —
709 958 743 999 6)
760 956 929 1000 Intellege
947 958 1127 991 tibicinem
1146 957 1240 990 ludis
1252 957 1488 1000 gladiatoriis
1504 956 1721 998 adhibitum;
1738 954 1784 996 cfi
1804 955 1926 989 Kaibel

210 1012 324 1053 epigr.
340 1011 398 1044 Gr.
411 1012 481 1046 550
494 1023 525 1045 υ.
538 1014 571 1054 4,
595 1015 680 1046 item
697 1014 840 1047 Patron.
853 1015 920 1054 56;
937 1014 1096 1049 Juvenal.
1109 1015 1145 1056 5,
1156 1016 1223 1055 54,·
1245 1015 1283 1048 Ρ.
1298 1014 1325 1048 J.
1339 1013 1451 1046 Meier
1469 1013 1602 1048 Westd.
1616 1013 1790 1047 Zeitschr.
1806 1013 1837 1056 4,
1849 1013 1923 1047 454.

324 1090 435 1137 5151
497 1093 568 1134 Cn.
601 1094 767 1135 Maetius
794 1092 799 1150 Ι
828 1095 936 1135 Felix
966 1096 1121 1144 lanista,
1150 1093 1154 1149 Ι
1183 1096 1361 1147 August.¹

321 1158 477 1203 Neapoli
501 1159 552 1204 (X
572 1161 662 1196 4755
686 1164 740 1195 ter
764 1165 807 1196 ut
830 1163 973 1196 videtur
998 1164 1178 1206 descripta
1202 1173 1293 1196 saec.
1313 1161 1409 1196 XVI.
1425 1153 1556 1206 XVII).
1581 1180 1627 1186 -
1652 1162 1684 1203 1)
1709 1162 1923 1204 Augustalis

210 1215 278 1259 (sic
297 1218 421 1259 potius
445 1228 553 1260 quam
577 1218 709 1251 lanista
734 1218 922 1264 Augusti).
959 1238 1003 1244 -—
1044 1219 1184 1253 Titulus
1213 1220 1453 1262 suspicionem
1484 1219 1598 1252 movit
1626 1218 1840 1252 Mommseno
1875 1217 1921 1259 cll

210 1272 245 1306 C.
262 1273 289 1307 I.
307 1272 348 1308 L.
373 1273 409 1307 X
430 1275 452 1308 l.
470 1284 499 1308 c.
538 1274 691 1308 Huelsen
708 1274 844 1320 (izoem.
860 1276 978 1311 Mitth.
995 1277 1048 1317 40,
1073 1277 1159 1310 4895
1173 1286 1210 1319 p.
1226 1277 1297 1311 295
1305 1278 1394 1319 seq.)
1420 1278 1456 1308 et
1481 1276 1574 1309 hanc
1599 1279 1633 1308 et
1655 1275 1748 1309 alias
1772 1276 1920 1310 lanista-

207 1340 289 1362 rum
312 1331 566 1374 inscriptiones
583 1331 603 1375 (
601 1330 637 1365 V
634 1332 655 1364 I
666 1333 781 1366 40474.
799 1333 907 1367 40200
924 1350 970 1362 --
988 1333 1093 1366 Orell.
1109 1334 1210 1367 2554.
1227 1333 1334 1376 2554)
1359 1330 1476 1372 falsas
1488 1335 1607 1375 putat,
1630 1332 1769 1366 scilicet
1783 1335 1922 1366 recenti

210 1390 365 1425 tempore
389 1388 567 1428 lapidibus
591 1390 733 1421 incisas.

322 1455 435 1502 5152
492 1458 694 1511 Eutychus
728 1457 733 1514 Ι
768 1461 868 1512 Aug.
899 1459 966 1499 lib.
993 1458 1000 1514 Ι
1027 1460 1290 1510 Neronianus,
1319 1459 1323 1515 Ι
1360 1460 1536 1500 medicus
1566 1460 1647 1500 ludi
1683 1459 1688 1514 Ι
1724 1460 1918 1508 matutini,

208 1524 302 1564 fecit
331 1525 405 1564 sibi
436 1532 474 1566 et
502 1524 506 1580 Ι
539 1527 655 1567 Irene
685 1527 766 1576 lib.‚
807 1528 966 1581 coniugi
992 1527 999 1582 Ι
1033 1529 1257 1569 carissimae
1285 1525 1290 1582 Ι
1318 1528 1421 1568 bene
1453 1528 1625 1577 meritae,
1658 1535 1697 1568 et
1728 1526 1733 1583 Ι
1769 1528 1919 1569 libertis

208 1591 466 1646 libertabusq.
493 1592 500 1648 Ι
526 1595 775 1647 posterisque
802 1594 808 1649 Ι
835 1608 987 1635 eorum.

321 1659 463 1702 Romae,
494 1661 564 1695 duo
590 1662 726 1705 lapides
749 1663 871 1696 eadem
894 1665 1127 1707 inscriptione
1152 1662 1230 1708 (sed
1252 1664 1420 1697 versibus
1444 1663 1554 1696 aliter
1577 1663 1717 1704 divisis)
1751 1663 1919 1705 inscripti

210 1715 283 1759 (VI
301 1716 408 1750 40472
432 1718 528 1751 vidit
542 1718 724 1760 Smetius).
771 1720 831 1752 Ad
853 1721 1012 1753 homines
1036 1720 1173 1754 eosdem
1194 1722 1351 1764 pertinet
1380 1720 1433 1754 VI
1451 1720 1571 1754 40475.
1593 1738 1640 1744 -
1666 1720 1697 1761 1)
1721 1719 1826 1752 Alius
1848 1728 1917 1751 me-

208 1775 310 1806 dicus
335 1774 412 1807 ludi
433 1777 603 1808 matutini
626 1778 679 1808 est
701 1775 811 1808 Inscr.
840 1775 962 1810 Graec.
990 1775 1090 1810 Sicil.
1114 1778 1197 1811 Ital.
1221 1777 1324 1811 4550.

323 1853 434 1899 5153
493 1857 552 1897 dis
581 1858 764 1898 manibus
791 1857 796 1912 Ι
825 1857 1031 1898 Corneliae
1061 1858 1290 1908 Frontiana,
1319 1856 1323 1913 Ι
1350 1859 1445 1898 vixit
1474 1859 1588 1899 annis
1618 1856 1702 1897 XVI
1732 1869 1785 1896 m.
1807 1853 1918 1912 V11‚1

211 1923 262 1962 Μ.
302 1922 441 1976 Ulpius
479 1926 578 1977 Aug.
618 1925 686 1965 lib.
725 1925 904 1967 Callistus
946 1924 951 1981 Ι
993 1933 1116 1979 pater,
1160 1927 1411 1979 praepositus
1449 1925 1753 1966 armamentario
1795 1923 1799 1980 Ι
1840 1925 1921 1965 Indi

210 1991 360 2043 magni,
393 1999 431 2032 et
452 1992 579 2033 Flavia
600 1993 696 2034 Nice
721 1994 887 2035 coniuxs
913 1993 919 2049 Ι
946 1995 1192 2036 sanctissima
1224 1996 1417 2044 fecerunt,
1448 1994 1522 2035 sibi
1548 1991 1554 2049 Ι
1583 1993 1732 2034 libertis
1761 1993 1921 2034 Iiberta-

209 2058 325 2111 busq.
356 2061 567 2113 posterisq.
599 2074 680 2102 eor.

322 2126 453 2160 Romae
478 2129 526 2161 ad
547 2131 642 2162 viam
666 2129 824 2171 Appiam
847 2141 923 2172 rep.
955 2129 1030 2174 (VI
1050 2130 1154 2164 40464
1178 2131 1270 2164 vidit
1292 2128 1464 2174 Henzen).

324 2206 435 2253 5154
494 2210 566 2250 diis
596 2210 780 2251 manibus
815 2209 820 2266 Ι
855 2211 1134 2264 Nymphodoto
1166 2212 1274 2252 Caes.
1307 2225 1346 2251 n.
1378 2224 1468 2259 ser..
1503 2211 1509 2264 Ι
1546 2210 1809 2263 dispensatori
1838 2209 1919 2249 ludi

211 2276 361 2328 magni,
393 2278 553 2330 coniugi
583 2285 761 2331 optumo,
789 2278 795 2333 Ι
823 2279 930 2319 Aelia
951 2279 1106 2332 Pelagia
1128 2279 1305 2320 coniunx
1332 2277 1338 2333 Ι
1367 2285 1405 2319 et
1426 2279 1534 2319 Aelia
1554 2279 1751 2332 Synerusa
1781 2282 1917 2318 mater.

318 2342 460 2383 Romae,
485 2345 610 2377 deinde
636 2345 764 2381 Urbini
789 2345 861 2384 (VI
880 2345 985 2380 40466
1009 2346 1102 2379 vidit
1123 2345 1338 2389 Bormann).

324 2422 436 2468 5155
496 2426 532 2465 d.
564 2438 617 2465 m.
653 2424 659 2480 Ι
693 2426 874 2467 Claudiae
910 2427 916 2480 Ι
952 2427 1158 2467 Thallusae
1188 2428 1287 2479 Aug.
1314 2425 1421 2481 [lib.
1453 2433 1493 2467 et
1523 2426 1693 2467 Thalliae
1724 2422 1729 2480 Ι
1762 2426 1788 2465 f.
1821 2425 1917 2473 eius,

210 2490 467 2547 Hyacinlthus
505 2494 641 2534 vilicus
683 2490 1029 2550 [amflphitheatri¹
1069 2493 1241 2550 conliugi
1278 2507 1371 2536 suae
1403 2501 1443 2535 et
1472 2495 1573 2536 filiae
1615 2492 1620 2548 Ι
1661 2494 1745 2534 eius
1774 2499 1813 2533 et
1843 2492 1918 2533 sibi

211 2566 250 2599 et
276 2558 381 2615 sulis.

323 2628 454 2661 Romae
480 2627 549 2671 (VI
571 2628 680 2662 40465
702 2631 860 2662 servavit
882 2629 1119 2674 Fabrettius).
1143 2647 1189 2653 —
1221 2630 1251 2671 1)
1278 2629 1531 2675 malphitheatri
1557 2629 1723 2662 traditur.

324 2707 437 2753 5156
497 2709 653 2750 Charito
685 2718 819 2751 custos
849 2711 897 2750 de
928 2710 1155 2763 ampitheat.
1175 2711 1286 2757 (sic)¹

324 2775 436 2821 5157
494 2778 709 2818 Menander
739 2779 778 2827 l.‚
806 2778 812 2833 Ι
840 2779 1023 2820 ostiarius
1049 2777 1055 2832 Ι
1082 2778 1130 2818 ab
1163 2778 1450 2831 amphitheatr.¹

324 2843 454 2878 Romae
469 2856 545 2889 rep.
567 2847 608 2878 in
623 2846 786 2889 sepulcro
803 2845 969 2885 familiae
986 2845 1217 2880 Statiliorum
1234 2845 1282 2878 ad
1295 2847 1438 2888 portam
1451 2843 1718 2877 Praenestinam
1731 2842 1786 2887 (V
1783 2843 1804 2876 J
1814 2844 1917 2878 6226.

209 2900 300 2934 6227
324 2902 414 2934 vidit
429 2902 486 2934 vel
501 2902 643 2936 Henzen
660 2902 716 2935 vel
730 2902 846 2946 Mau).
869 2921 914 2927 --
942 2904 973 2945 1)
1001 2902 1155 2936 Videtur
1178 2901 1384 2945 significari
1407 2901 1708 2943 amphitheatrum
1731 2910 1755 2933 a
1783 2899 1820 2934 T.
1839 2899 1917 2934 Sta-

211 2957 290 2989 tilio
312 2957 429 2991 Tauro
455 2970 488 2991 a.
503 2958 572 2992 724
595 2961 633 2991 in
659 2969 783 3000 campo
809 2958 941 2992 Martio
967 2962 1191 2999 eoetruetum5
1215 2956 1261 2998 cs}
1279 2959 1492 3000 Prosopogr.
1508 2958 1592 2999 imp.
1610 2955 1708 2989 Rom.
1725 2957 1783 2990 III
1791 2967 1829 3000 p.
1841 2958 1917 2992 264.

326 3036 440 3082 5158
497 3040 535 3079 d.
565 3052 617 3079 m.
646 3038 652 3094 Ι
687 3040 736 3080 Μ.
768 3040 951 3080 Aurelius
983 3040 1118 3079 Victor
1147 3040 1271 3091 Augg.
1303 3037 1384 3086 lib.‚
1413 3036 1418 3093 Ι
1445 3037 1599 3077 adiutor
1628 3037 1675 3077 ad
1704 3038 1843 3086 feras¹‚
1874 3050 1917 3078 se

212 3105 297 3144 vivo
324 3103 330 3160 Ι
352 3106 446 3145 fecit
471 3106 546 3146 sibi
577 3113 617 3146 et
646 3107 727 3147 suis
756 3107 909 3148 libertis
936 3105 941 3161 Ι
965 3106 1218 3158 libertabusq.
1247 3106 1454 3158 posterisq.
1483 3102 1488 3161 Ι
1511 3118 1648 3146 eorum
1673 3105 1731 3146 itu
1753 3104 1914 3146 ambitu.
