2092 3360
432 168 547 210 Tituli
570 173 668 211 sacri
691 176 729 211 et
752 175 996 212 sacerdotum.
1023 196 1065 202 —
1090 176 1264 214 Ferialia.
1297 178 1508 216 Inventa-ia
1531 189 1649 216 saera.
1820 182 1901 219 251

304 287 446 331 Capuae
476 298 570 332 rep„
602 292 655 322 est
683 287 840 333 Neapoli
871 290 920 331 (X
941 291 1032 325 5792
1065 291 1159 324 vidit
1191 291 1401 334 Mommsen,
1438 292 1485 332 cll
1511 293 1678 328 Beriebte
1702 294 1766 328 der
1787 295 1905 330 siichs.

191 343 424 385 Gesellsclzalt
447 344 511 378 der
537 345 643 380 Wiss.
668 345 755 380 {850
786 357 822 390 p.
845 348 889 381 64
901 347 1002 392 seq).
1034 366 1079 372 —-
1119 349 1150 390 1)
1183 349 1421 383 Dominarum
1451 348 1567 390 ferias
1597 350 1766 395 intellege
1795 353 1904 395 impe—

187 402 325 434 ratoris
353 403 571 435 auctoritate
595 405 825 444 constitutas,
859 404 1063 446 imperiales
1087 403 1203 444 ferias
1227 405 1344 439 dictas
1378 407 1454 440 cod.
1480 406 1566 441 lust.
1588 408 1626 451 5,
1649 408 1705 451 42,
1727 409 1753 443 5
1777 410 1832 450 [4].
1862 428 1904 433 -

190 459 226 501 2)
249 458 342 492 Vota
370 469 438 502 pro
461 458 577 492 salute
596 461 775 503 principis
800 461 832 494 d.
856 461 971 496 51α7ι.
998 463 1142 505 concipi
1164 462 1284 506 solita,
1309 462 1358 503 ef.
1381 463 1472 498 Plut.
1492 463 1562 498 Cic.
1586 465 1611 498 2
1625 467 1688 499 cet.
1706 484 1751 489 —
1775 467 1809 508 3)
1834 466 1906 498 Lu-

189 514 253 548 dos
280 514 508 559 Genialicios,
530 514 686 556 fortasse
712 516 822 550 Genio
842 517 971 561 populi
994 517 1148 552 Romani
1168 517 1296 562 factos,
1325 521 1390 553 sub
1419 521 1485 554 boc
1507 523 1584 564 ipso
1608 521 1665 555 die
1689 521 1729 555 44
1743 521 1848 556 F'ebr.
1873 525 1907 555 et

189 573 391 615 insequenti
419 576 576 606 recenset
605 574 887 616 hemerologium
921 575 1205 608 philocalianum
1238 574 1302 619 (cf.
1329 576 1365 611 C.
1390 577 1417 610 I.
1442 576 1483 612 L.
1508 577 1529 610 Ι
1557 578 1609 612 ed.
1631 579 1656 611 2
1684 589 1721 622 p.
1740 579 1837 622 309).
1862 597 1905 603 —-

188 630 223 668 4)
240 628 396 662 Videtur
410 629 573 672 intellegi
589 629 758 664 lustratio
774 635 946 674 segetum,
964 630 1012 671 cf.
1025 631 1244 675 Marquarde
1261 632 1492 669 Staatsverw.
1510 634 1581 667 111³
1594 646 1629 678 p.
1643 635 1719 669 204.
1733 654 1776 660 -
1796 638 1829 678 5)
1846 635 1907 669 Em

190 687 368 719 mentione
385 685 551 728 Casilini,
576 687 675 720 lacus
691 688 839 731 Averni,
860 689 1008 732 paludis
1023 689 1243 723 Acherusiae
1261 688 1326 731 (cll
1342 687 1462 732 infra)
1489 690 1678 734 colligitur
1693 691 1824 732 feriale
1839 693 1906 726 lzoc

187 746 362 786 spectasse
385 743 434 776 ad
450 743 684 786 Campaniam
708 746 925 780 universam.
943 765 987 770 —
1012 747 1045 789 6)
1072 745 1126 786 Cf.
1143 746 1359 789 Mar-quartu
1383 746 1617 783 Staatsverw.
1634 748 1706 782 111²
1718 759 1755 792 p.
1767 749 1845 784 544.
1862 769 1905 774 —-

190 801 225 841 7)
249 799 292 832 In
315 801 592 843 amphitheatro,
620 801 762 844 Capuae
783 805 885 846 puto.
911 821 953 828 -
989 804 1022 846 8)
1047 802 1163 836 Lacus
1187 803 1364 838 Avernus.
1389 822 1435 828 ——
1467 806 1501 846 9)
1525 804 1612 837 Dies
1632 809 1831 848 postremus
1854 805 1906 846 fe-

185 857 327 889 riarum
357 857 627 891 vindemialium
657 857 826 903 (interpr.
857 859 932 893 eod.
961 857 1090 895 Tkeod.
1114 860 1156 901 2,
1178 860 1215 902 8,
1239 859 1311 904 49).
1346 879 1392 884 -
1431 862 1487 903 10)
1511 861 1700 904 Intellege:
1730 863 1779 896 ad
1795 863 1905 906 palu·

187 912 266 945 dm
289 914 526 947 Acherusiam
551 914 660 958 (pun.
685 916 719 949 lt.
743 926 779 949 n.
802 916 838 956 5,
853 915 894 950 σι
913 915 1006 960 σοι).
1041 935 1087 941 -
1127 917 1182 958 ιι)
1205 918 1254 951 22
1270 916 1361 951 Nou.
1387 917 1462 950 dies
1484 919 1630 960 imper-iz·
1654 918 1907 952 Valentiniani
1935 908 1940 912 '

186 970 344 1002 iunioris
369 970 476 1014 (fasti
495 972 627 1016 Hydai.
651 973 701 1006 ad
723 984 754 1006 a.
771 972 852 1016 575,
875 983 932 1015 ap.
958 972 1118 1007 Momms.
1142 974 1265 1007 chron.
1291 975 1378 1008 min.
1402 974 1421 1007 I
1438 985 1476 1017 Ρ.
1493 975 1592 1019 242).
1616 994 1660 1000 -
1688 977 1742 1017 12)
1767 975 1810 1009 Α.
1825 976 1904 1010 587.

186 1037 1903 1053 -ᾖ-ῂῇ-ὴ-

297 1071 412 1118 4919
451 1076 643 1129 templum
664 1077 789 1117 dedic.
817 1076 822 1131 Ι
854 1077 894 1116 L.
919 1077 1108 1118 Venuleio
1129 1076 1373 1133 Aprolniano
1395 1078 1430 1117 11
1456 1079 1500 1118 L.
1525 1079 1664 1131 Sergio
1692 1076 1698 1132 Ι
1725 1079 1846 1119 Paulo
1870 1079 1904 1118 11

187 1142 283 1181 cos.¹
311 1139 317 1196 Ι
344 1142 375 1180 V
397 1143 433 1183 k.
457 1143 583 1193 Mart„
614 1145 682 1197 qui
712 1143 806 1201 diles
836 1152 928 1198 post
957 1145 1018 1186 bis
1050 1145 1099 1185 VI
1129 1145 1182 1187 k?
1210 1146 1296 1186 fuit.

303 1208 556 1243 Constantinae
580 1211 688 1255 (VIII
708 1212 794 1245 6979
817 1212 909 1245 vidit
933 1212 1124 1246 Delamare
1148 1216 1278 1246 auctor
1301 1216 1522 1255 accuratus).
1553 1232 1599 1238 —-
1638 1215 1670 1256 1)
1695 1215 1738 1248 A.
1761 1214 1835 1248 468.
1860 1233 1906 1238 -

187 1266 223 1307 2)
247 1265 330 1298 Post
352 1267 544 1300 bisseoetum
561 1266 742 1303 kalendas.
781 1267 867 1302 Cum
892 1279 987 1303 anno
1012 1270 1076 1303 illo
1102 1270 1177 1303 dies
1201 1271 1398 1303 bissextilis
1421 1271 1634 1312 accessisset,
1659 1272 1698 1303 in
1720 1273 1906 1313 posterum

188 1321 263 1354 dies
287 1321 524 1356 dedicationis
549 1324 779 1357 celebrandus
804 1329 883 1358 erat
906 1327 983 1359 eius
1006 1327 1062 1359 rei
1084 1327 1228 1359 ratione
1252 1327 1375 1359 habita
1401 1326 1607 1370 (Memmia).

299 1412 415 1460 4920
468 1416 600 1457 locum
639 1415 750 1472 relilg
753 1418 880 1458 iosum
917 1431 990 1471 per
1025 1416 1289 1474 inlsolentiam
1322 1417 1508 1474 dilrutum
1537 1417 1542 1474 Ι
1571 1420 1714 1460 Virtuti
1744 1426 1784 1460 et
1813 1433 1853 1460 n.
1858 1421 1868 1441 ¹
1896 1417 1903 1474 Ι

186 1484 286 1535 Aug.
316 1482 585 1540 repurgaltum
616 1485 786 1526 reddidit
812 1483 818 1541 Ι
846 1486 887 1527 C.
911 1487 1095 1527 Severius
1120 1485 1128 1540 Ι
1153 1486 1354 1527 Emeritus
1375 1485 1415 1528 0
1443 1485 1448 1543 Ι
1475 1488 1576 1540 reg.²

299 1549 394 1583 Both
418 1550 563 1595 (VJJ43
580 1551 628 1592 cf.
640 1563 679 1595 p.
694 1554 763 1587 506
786 1554 879 1587 vidit
895 1553 1088 1598 Huebner).
1106 1573 1150 1579 —
1177 1555 1211 1597 1)
1234 1553 1396 1587 Numini.
1414 1573 1459 1579 —
1485 1556 1520 1596 2)
1546 1554 1714 1619 Centurio
1738 1555 1907 1596 regiona-

186 1608 265 1640 rius
289 1607 486 1649 (Momms.,·
510 1607 557 1648 cs:
582 1609 736 1643 eiusdem
761 1609 970 1648 Stral'reclzt
987 1622 1026 1654 p.
1043 1611 1113 1645 542
1138 1614 1213 1645 not.
1229 1611 1260 1645 4,

806 1725 1086 1775 Inventaria
1122 1740 1276 1774 sacra.

300 1808 438 1858 4921⁸
473 1815 667 1868 synopsis.
696 1813 703 1868 Ι
728 1815 828 1856 Iovis
850 1816 984 1857 Victor
1013 1822 1227 1869 argenteus
1253 1813 1260 1870 Ι
1287 1815 1326 1855 in
1358 1815 1547 1868 kapitolio
1578 1814 1731 1855 habens
1762 1815 1803 1854 in
1838 1826 1903 1854 ca-

189 1883 270 1936 pite
299 1879 501 1937 coflronam
531 1889 759 1936 argenteam
791 1895 1036 1936 querqueam
1062 1881 1069 1938 Ι
1095 1883 1226 1925 folior.
1249 1882 1367 1932 XXX,
1398 1884 1438 1923 in
1462 1895 1538 1935 qua
1569 1882 1732 1935 glandes
1763 1895 1803 1922 n.
1824 1881 1905 1930 XV,

188 1948 334 2006 selrens
364 1951 404 1990 in
437 1962 557 1991 manu
586 1952 721 1992 dextra
753 1951 891 1991 orbem
922 1950 1169 2006 argenlteum
1200 1958 1240 1991 et
1259 1951 1451 1991 Victoria¹
1482 1950 1651 2003 palmam
1682 1947 1906 2005 ferentem!

190 2014 397 2075 [spiram-ff]
427 2017 498 2057 XX
527 2025 567 2058 et
597 2030 786 2059 eoronam
817 2020 947 2059 folior.
969 2019 1123 2068 XXXX,
1151 2018 1158 2072 Ι
1193 2015 1250 2074 [in
1279 2015 1415 2074 manu]
1453 2018 1611 2059 sinistra
1642 2018 1792 2058 hastam
1823 2030 1905 2069 arg.

190 2092 332 2127 tenens
358 2084 365 2139 Ι
393 2115 534 2125 .....

303 2174 444 2222 49211)
478 2207 817 2219 ...........
841 2178 914 2219 sub
936 2174 1238 2234 ins[crip]ltione
1271 2174 1476 2234 [noJminis
1496 2175 1710 2228 Longani.2
1736 2172 1742 2228 Ι
1769 2172 1907 2232 [IJtem

190 2246 232 2287 in
264 2246 486 2300 nymphaeo
526 2246 566 2286 in
598 2258 747 2286 corona
786 2258 936 2286 summa
980 2241 1054 2302 [in]
1082 2245 1089 2301 Ι
1116 2246 1327 2287 circumitu
1366 2245 1516 2285 litterae
1556 2258 1597 2284 n.
1628 2242 1770 2283 XXXX
1809 2256 1906 2284 auro

191 2311 479 2369 inlumilnatae;
508 2314 699 2355 hederae³
730 2314 1020 2366 distinguentes
1040 2314 1268 2356 incoctiles⁴
1295 2314 1302 2368 Ι
1330 2327 1369 2353 ιι.
1391 2312 1438 2353 X.
1471 2313 1615 2366 Scyphi
1637 2312 1908 2365 dependentes

190 2395 287 2423 auro
318 2382 542 2422 inluminati
574 2395 613 2422 ιι.
646 2381 708 2422 Vl.
737 2379 743 2435 Ι
769 2382 1010 2423 Cantharum
1040 2394 1137 2422 auro
1168 2382 1462 2423 inluminatum.
1522 2381 1682 2421 Statuae
1723 2380 1729 2434 Ι
1770 2392 1907 2420 aereae

194 2464 234 2491 ιι.
254 2450 303 2490 v1
326 2456 366 2491 et
386 2450 551 2503 Cupido,
584 2461 828 2490 marmoreae
859 2461 899 2489 ιι.
920 2449 984 2489 Vl.
1012 2447 1018 2505 Ι
1045 2450 1168 2490 Silani
1189 2451 1294 2491 aerei
1318 2463 1357 2490 n.
1380 2450 1442 2490 Vl.
1474 2449 1691 2490 Manualia³
1724 2461 1763 2488 n.
1786 2447 1850 2488 VI.

307 2517 426 2551 Cirtae
457 2516 743 2561 (Constantinae)
777 2526 872 2559 rep„
907 2517 980 2549 iam
1014 2517 1180 2560 Parisiis,
1218 2516 1362 2550 tabulae
1392 2517 1484 2550 duae
1521 2516 1630 2557 (VIII
1657 2515 1780 2559 6981s2
1816 2515 1911 2548 vidit

195 2573 424 2616 Wilmanns).
472 2572 632 2607 Tabulae
662 2574 825 2617 quamvis
862 2573 1012 2606 diversis
1045 2575 1211 2607 manibus
1245 2575 1404 2617 scriptae
1432 2575 1526 2616 sint,
1560 2576 1679 2606 tamen
1709 2583 1755 2605 eoe
1785 2573 1908 2606 eadem

194 2631 344 2676 synopsi
364 2631 532 2664 videntur
554 2642 745 2675 superesse.
770 2650 814 2655 -
847 2631 879 2672 1)
905 2630 1155 2674 Victoria(m).
1178 2650 1221 2656 -
1247 2632 1280 2674 2)
1305 2629 1453 2678 Longus
1475 2630 1531 2663 vel
1552 2629 1751 2672 Longanus
1775 2629 1909 2673 aliquis

193 2688 387 2722 donarium
418 2687 583 2731 aliquod,
616 2688 659 2721 de
689 2698 759 2731 quo
790 2688 829 2720 in
849 2686 1146 2730 praecedentibus
1175 2689 1309 2720 mentio
1335 2685 1436 2726 facta
1468 2690 1564 2728 erat,
1597 2686 1743 2719 videtur
1766 2686 1908 2720 dedica-

195 2746 286 2778 visse
310 2745 412 2787 eique
433 2754 563 2778 nomen
585 2754 689 2778 suum
713 2745 1007 2787 inscripsisse-
1031 2744 1066 2786 3)
1088 2743 1234 2778 Foliola
1254 2747 1474 2788 punctorum
1499 2743 1576 2776 loeo
1600 2744 1639 2775 in
1663 2744 1908 2786 inscriptioni—

193 2802 258 2834 bus
286 2811 390 2845 saepe
418 2802 548 2845 posita.
583 2818 630 2826 —
664 2803 699 2844 4)
724 2803 865 2835 Aurum
896 2800 1035 2833 hederis
1065 2800 1139 2834 illis
1167 2802 1349 2834 incoctum
1376 2799 1582 2842 significari
1610 2798 1723 2839 fuisse
1754 2802 1909 2834 coniecit

194 2857 354 2892 Momm.
382 2876 429 2882 —
465 2860 500 2900 5)
523 2857 695 2892 Mantelia
719 2860 759 2892 in
783 2858 983 2902 nymphaeo
1003 2860 1087 2901 post
1112 2857 1326 2891 lavationem
1350 2857 1515 2889 manibus
1539 2857 1721 2899 tergendis
1744 2857 1907 2891 adhibita

193 2917 298 2958 putat
322 2914 480 2949 Momm.

336 3004 454 3052 4922
491 3036 703 3048 .......
725 3007 884 3061 Thyreu
907 3036 1146 3046 ........
1174 3003 1180 3060 Ι
1263 3006 1478 3046 Thronos.
1569 2974 1614 3060 .Ι
1640 3005 1701 3046 his
1725 3006 1807 3046 fri.

233 3104 242 3113 .
265 3071 396 3127 ‚llehit
424 3087 477 3115 no
501 3104 771 3118 .........
785 3072 993 3130 {tudinem
1030 3073 1035 3128 Ι
1119 3074 1389 3127 Thyrsostno
1412 3103 1552 3113 .....
1564 3073 1631 3126 [tio
1663 3080 1722 3114 est
1751 3086 1850 3115 sev.
