2092 3360
357 156 473 193 Tituli
496 157 594 194 sacri
617 159 655 194 et
677 157 920 194 sacerdotum.
946 177 989 183 —
1015 156 1124 194 Attis.
1157 157 1381 194 Teutobolie.
1397 157 1527 195 Mau-ie
1544 158 1663 195 deum.
1784 158 1862 197 141

264 269 378 318 4128
435 285 591 314 sacrum
618 272 626 327 Ι
651 272 702 314 Μ.
733 272 801 313 m.⁴
827 270 836 327 Ι
860 273 952 313 Ant.
983 273 1112 314 Prima
1139 272 1146 329 Ι
1172 272 1448 327 ῑειιωροΙΙίυῐιι
1486 274 1559 314 lec.
1587 272 1593 329 Ι
1619 274 1722 315 host.
1753 275 1835 315 suis
1857 279 1864 327 Ι

151 341 386 383 sacerdotib.
408 338 618 395 Zmlinthio
646 341 870 382 Procliani⁸
898 346 939 382 et
964 339 970 397 Ι
998 341 1113 382 Pacio
1136 343 1333 396 Agrippae
1360 339 1366 398 Ι
1394 340 1586 398 [Pollione
1605 341 1650 383 II
1675 349 1710 383 et
1739 340 1864 398 Aprjo

152 409 187 450 Π
217 422 298 451 cos.
319 409 386 450 XV
417 410 456 450 k.
487 408 675 450 Novemb.
707 414 762 455 (in
787 414 961 447 later-ibus
986 418 1095 458 caput
1117 416 1227 457 bovis,
1257 418 1365 459 capul
1388 417 1544 458 anelis).
1585 437 1588 441 -

264 487 379 535 4124
436 501 591 530 sacrum
618 487 625 542 Ι
651 488 701 528 Μ.
732 489 801 529 m.⁴
826 488 833 543 Ι
860 489 1058 530 Marciana
1084 489 1090 546 Ι
1118 490 1305 531 Marciani
1337 492 1363 530 s.
1390 490 1398 540 Ι
1434 491 1701 544 tauropolium
1733 489 1739 546 Ι
1772 491 1867 531 fecit

150 559 275 599 hostis
314 556 321 611 Ι
361 558 443 599 suis
481 554 696 611 sacerdolte
734 557 905 597 Zmintio
943 555 1183 611 Prolculiani
1223 558 1307 599 1ih.⁵
1338 563 1394 607 (in
1419 564 1591 597 lateribus
1620 566 1732 607 caput
1755 565 1866 608 bovis,

150 628 259 670 caput
279 625 435 669 ariolis).

264 682 442 716 Lactorae
477 679 584 725 (XIII
613 681 689 715 507.
725 682 805 715 505.
839 682 906 715 509
941 681 1034 715 vidit
1063 680 1296 724 Hirschfeld).
1331 701 1376 707 —
1415 684 1445 724 1)
1476 682 1622 716 Scilicet
1650 682 1794 719 ancilla.
1819 702 1864 708 —

151 741 186 782 2)
210 740 253 774 18
270 738 343 775 Ocl.
361 738 423 774 176
446 740 540 780 (tam
554 741 637 781 post
653 738 826 771 Pollionis
842 748 950 781 quam
964 741 1047 782 poet
1062 738 1157 782 Apri
1178 749 1306 771 nomen
1328 741 1417 782 poni
1441 739 1564 772 debuit
1587 741 1732 782 signum
1755 741 1866 773 itera-

150 798 288 839 tionis).
334 796 470 830 Eodem
502 805 600 829 anno
632 797 666 827 el
695 795 754 828 die
777 794 954 829 Laetor-ae
986 795 1192 829 taurobolia
1222 793 1322 836 facta
1353 799 1438 829 sunt
1470 797 1513 829 ab
1538 796 1622 829 aliie
1644 796 1865 838 mulieribus,

150 854 329 895 X111506,
352 856 437 886 item
460 855 502 886 ut
525 852 670 886 videtur
693 851 738 886 N.
753 852 854 887 4125.
878 871 924 877 —
948 852 982 894 3)
1006 851 1103 885 Idem
1125 851 1293 885 sacerdos
1315 856 1538 886 memoratur
1561 854 1670 886 eliam
1685 851 1775 886 XIII
1786 854 1864 887 50⁶.

147 912 227 951 508,
253 913 287 943 ee
310 910 453 954 quidem
477 920 556 944 cum
581 909 703 942 eodem
719 910 828 943 Pacio
843 909 1030 952 Agrippae
1045 907 1136 942 XIII
1154 910 1231 943 506.
1255 929 1300 934 -
1330 910 1365 953 4)
1390 910 1540 944 Sacrum
1565 908 1678 943 Matri
1699 919 1865 952 magnae.

149 987 192 992 —
219 969 253 1009 5)
276 968 439 1011 Apparet
461 968 556 1000 hunc
580 965 729 999 titulum
746 966 906 1009 positum
931 976 1004 998 esse
1025 969 1106 1009 post
1130 968 1385 1000 manumissum
1409 966 1619 1000 Zminlium.

262 1046 375 1092 4125
434 1060 508 1100 pro
539 1046 664 1088 salute
698 1044 705 1101 Ι
737 1052 777 1087 et
805 1043 1091 1102 incolumiltate
1121 1048 1263 1088 domus
1289 1045 1295 1101 Ι
1321 1047 1474 1087 divinae
1505 1060 1538 1087 r.
1569 1061 1608 1101 p.
1635 1046 1643 1102 Ι
1669 1047 1864 1088 Lactorat.

150 1113 359 1169 taustopoL
391 1116 485 1156 fecit
514 1121 571 1161 (in
596 1119 768 1152 lateribus
792 1122 903 1163 caput
929 1120 1039 1162 bovis,
1063 1124 1171 1163 capul
1195 1121 1350 1163 arietis).

261 1193 377 1241 4126
414 1207 489 1248 pro
519 1194 645 1235 salute
674 1194 768 1247 imp.
799 1194 851 1234 M.
878 1194 884 1250 Ι
911 1194 1059 1235 Antoni
1091 1195 1280 1235 Gordiani
1306 1193 1312 1250 Ι
1339 1196 1398 1236 Pii
1429 1195 1509 1236 Fel.
1538 1196 1638 1249 Aug.
1671 1202 1711 1237 et
1741 1195 1864 1249 831ὺί-

150 1265 238 1304 niae
277 1263 583 1317 Tranquilglinae
624 1264 725 1315 Aug.
766 1260 939 1318 totilusq.
983 1263 1124 1304 domus
1169 1259 1333 1313 divilnae
1376 1276 1493 1317 proq.
1531 1270 1634 1305 statu
1676 1262 1682 1319 Ι
1721 1265 1864 1305 civitat.

150 1332 306 1372 Laetor.
331 1331 338 1388 Ι
364 1331 631 1385 tauropolium
662 1330 767 1382 felcit
797 1331 895 1371 ordo
926 1331 1048 1382 Lact.‚
1076 1330 1082 1387 Ι
1109 1333 1146 1373 d.
1168 1346 1209 1373 n.
1232 1332 1430 1373 Gordiano
1459 1330 1466 1386 Ι
1491 1333 1590 1384 Aug.
1612 1332 1648 1372 11
1677 1338 1718 1373 et
1747 1333 1864 1373 Pom-

147 1401 290 1454 peiano
330 1413 410 1442 cos.
452 1399 460 1455 Ι
492 1399 543 1440 VI
573 1400 661 1441 idus
691 1400 813 1452 Dec.¹,
861 1401 1058 1441 curantib.
1090 1401 1142 1441 M.
1173 1401 1310 1441 Erotio
1342 1401 1459 1442 Festo
1499 1407 1538 1441 et
1567 1401 1619 1440 M.
1660 1399 1667 1452 Ι
1707 1400 1864 1441 Carinio

148 1469 262 1518 Caro,
291 1468 442 1510 sacerd.
470 1465 477 1522 Ι
503 1468 688 1508 Traianio
718 1469 947 1509 Nundinio²
972 1469 1027 1508 (in
1052 1468 1226 1501 lateribus
1249 1472 1360 1512 caput
1384 1470 1502 1508 ῠουῑεῐ
1523 1468 1683 1512 patera).

261 1536 438 1570 Lactorae
462 1535 568 1580 (XIII
581 1537 661 1570 520.
677 1535 741 1570 511
766 1536 860 1569 vidit
883 1534 1119 1580 Hirschfeld).
1135 1555 1182 1560 —
1208 1537 1240 1579 1)
1262 1536 1380 1570 eveo.
1397 1537 1475 1570 241.
1515 1537 1649 1570 Eodem
1674 1537 1732 1570 die
1757 1539 1864 1570 etiam

147 1604 169 1626 a
191 1594 349 1637 privatis
371 1593 495 1626 multis
519 1593 724 1626 taurobolia
740 1592 920 1627 Lactorae
943 1592 1044 1633 facta
1069 1596 1162 1635 sunt,
1189 1592 1237 1633 cf.
1255 1593 1304 1627 ad
1318 1592 1365 1627 N.
1380 1594 1480 1627 4128.
1498 1613 1543 1617 -
1568 1595 1602 1636 2)
1628 1592 1682 1634 Cf:
1702 1592 1748 1628 Ν.
1764 1593 1864 1628 4127.

144 1650 244 1685 4128.
272 1676 277 1678 -

259 1716 374 1764 4127
432 1732 463 1759 s.
494 1719 545 1759 M.
577 1719 614 1759 d.
643 1717 648 1773 Ι
675 1719 755 1760 Val.
777 1719 966 1759 Gemina¹
994 1719 1001 1773 Ι
1034 1719 1135 1760 vires
1165 1716 1326 1775 escelpit
1348 1724 1434 1770 (sic)
1460 1718 1728 1776 Eutycheltis²
1758 1720 1863 1760 vnn

147 1786 223 1826 kal.
251 1785 258 1840 Ι
284 1786 425 1840 April?
443 1785 660 1842 sacerldote
681 1785 878 1843 Traialnio
900 1783 1116 1843 Nundilnio
1127 1788 1154 1840 ⁴,
1185 1787 1224 1828 d.
1247 1801 1287 1828 n.
1309 1787 1521 1840 Gordilano
1543 1795 1583 1828 et
1603 1789 1735 1829 Aviola
1766 1789 1864 1829 cos-⁵

263 1853 440 1888 Laetor-ae
471 1853 575 1898 (XIII
596 1854 662 1888 510
695 1855 788 1888 vidit
811 1854 1047 1895 Hirschfeld).
1075 1872 1123 1878 -
1158 1855 1190 1897 1)
1213 1854 1349 1888 Eadem
1377 1854 1514 1895 femina
1545 1857 1598 1888 est
1625 1854 1672 1889 N.
1693 1856 1795 1889 4128.
1819 1874 1862 1879 -

148 1911 183 1954 2)
211 1909 350 1944 Nomen
380 1910 605 1955 Eutychus,
639 1913 743 1945 cuiue
774 1913 870 1944 vires
899 1913 1146 1954 excipiuntur,
1173 1921 1243 1954 pro
1275 1912 1376 1944 taum·
1404 1913 1549 1945 nomine
1572 1911 1694 1955 Bar-ry
1727 1911 1864 1954 aliique

147 1968 280 2000 habent
296 1965 360 2011 (cf.
376 1965 422 2000 Ν.
434 1967 532 2002 4129.
544 1967 662 2011 4131),
687 1969 864 2002 hominem
879 1968 1044 2009 intellegi
1059 1967 1138 2000 vult
1150 1965 1412 2010 Esperandieu.
1431 1987 1473 1992 ——
1499 1969 1533 2011 3)
1556 1969 1602 2001 24
1618 1967 1724 2001 Mart.
1748 1962 1780 2012 (¹
1788 1967 1864 2001 dies

145 2018 366 2066 sanguinis',
389 2025 450 2058 vit.
467 2023 592 2059 Claud.
603 2026 636 2067 4,
660 2024 745 2064 fast.
766 2025 909 2064 Philoc„
936 2022 984 2064 cs'.
1004 2023 1038 2057 0.
1057 2024 1083 2057 Ι.
1101 2023 1142 2057 L.
1159 2024 1178 2056 l
1193 2025 1245 2057 cd.
1258 2025 1281 2058 2
1294 2034 1334 2067 p.
1349 2024 1450 2069 513).
1467 2044 1510 2049 —-
1536 2024 1572 2069 4)
1595 2024 1650 2057 De
1665 2025 1732 2058 hoc
1746 2035 1863 2058 sacer-

147 2081 229 2114 dote
246 2078 295 2120 cll
311 2080 361 2113 ad
375 2078 421 2114 N.
436 2081 536 2115 4128.
559 2099 607 2105 —-·
630 2082 664 2123 5)
688 2082 730 2115 A.
746 2081 829 2115 259.

260 2146 376 2194 4128
403 2162 435 2190 s.
453 2149 504 2190 Μ.
525 2150 564 2190 d.
590 2149 597 2205 Ι
623 2149 703 2193 Val.
723 2149 922 2201 Geminla¹
938 2148 1216 2205 tauropolilum
1237 2149 1414 2203 accepit²
1438 2147 1445 2205 Ι
1471 2150 1595 2191 hostis
1615 2151 1698 2192 suis
1717 2146 1860 2206 saloer-

147 2219 241 2258 dote
275 2216 473 2274 Tralianio
505 2214 766 2275 Nund[in]}io‚
808 2219 844 2258 d.
878 2231 917 2258 n.
949 2214 1163 2273 Gordliano
1195 2217 1228 2258 ΙΙ
1268 2224 1308 2259 et
1345 2215 1602 2274 Polmpeiano
1639 2231 1736 2268 cos„
1771 2217 1777 2273 Ι
1811 2219 1859 2259 Vl

147 2285 200 2326 id.
230 2284 341 2326 Dec-⁸

261 2351 440 2386 Laetor-ae
470 2353 578 2397 (XIII
593 2353 662 2387 518
690 2353 782 2386 vidit
804 2352 1012 2393 Hirschfeld
1038 2356 1188 2396 praeter
1214 2363 1351 2397 paucas
1382 2354 1523 2387 litteras
1553 2356 1593 2387 in
1619 2355 1803 2397 principio
1826 2357 1862 2386 et

147 2407 220 2449 fine
243 2411 317 2442 iam
340 2409 572 2455 deperditas).
595 2428 642 2435 —
676 2411 710 2451 1)
736 2407 790 2450 Cf.
814 2408 858 2443 Ν.
882 2409 980 2443 4127.
1002 2428 1050 2434 -
1074 2411 1110 2452 2)
1133 2409 1292 2444 Acepn·
1317 2410 1422 2454 lapis.
1447 2430 1493 2435 —
1516 2411 1553 2453 3)
1574 2412 1598 2444 8
1613 2410 1697 2444 Dec.
1712 2410 1791 2444 241.
1814 2429 1859 2435 -

146 2465 280 2500 Eodem
301 2465 412 2510 plane
433 2467 540 2500 modo
565 2468 727 2510 concepti
747 2468 833 2499 eunt
856 2466 956 2499 tituli
977 2465 1065 2500 XIII
1077 2467 1268 2502 512-517.
1282 2467 1350 2501 519
1372 2468 1495 2501 eodem
1517 2467 1576 2500 die
1590 2467 1779 2508 Laetor-ae,
1803 2478 1859 2501 eo·

147 2522 226 2555 dem
248 2523 434 2557 sacerdote
461 2523 635 2557 Traianio
658 2521 860 2562 Nundinio‚
890 2520 1004 2556 Matr-2·
1032 2522 1138 2556 deum
1162 2523 1333 2566 dedicati,
1363 2535 1385 2557 α
1409 2523 1621 2557 mulieribus
1644 2534 1775 2567 omnes,
1798 2535 1860 2557 ea·-

147 2582 247 2624 ceplo
270 2579 347 2613 solo
369 2579 459 2614 XIII
469 2579 551 2614 512.

259 2643 375 2694 4129
409 2649 543 2689 vietor
568 2646 576 2704 Ι
602 2648 739 2689 Sabini
768 2648 839 2688 sil.¹
867 2646 873 2702 Ι
899 2650 1003 2689 vires
1031 2650 1170 2699 teuri²‚
1197 2650 1204 2705 Ι
1231 2654 1311 2702 qu6
1341 2650 1506 2702 proprie
1530 2647 1538 2705 Ι
1563 2662 1637 2704 per
1656 2647 1858 2705 taut-opo}-

146 2715 242 2757 lium
272 2717 368 2769 pub.
389 2717 498 2758 fact.⁸
523 2715 530 2771 Ι
556 2718 715 2766 fecerat,
742 2714 749 2772 Ι
776 2716 1021 2757 οοοεεοτένίι
1050 2720 1110 2766 (In
1125 2725 1278 2765 utroque
1301 2722 1433 2755 latere.-
1453 2722 1612 2765 gladius,
1634 2723 1692 2756 vel
1712 2721 1811 2767 fax).

260 2782 439 2818 Laetor-ae
462 2783 569 2829 (XIII
586 2785 670 2826 525,
686 2784 781 2817 vidit
805 2781 1038 2827 Hirschfeld).
1085 2782 1223 2817 Similis
1248 2786 1300 2817 est
1326 2784 1454 2816 titulus
1476 2783 1567 2818 XIII
1584 2785 1656 2818 522
1681 2795 1703 2816 a
1727 2783 1857 2818 Severo

146 2839 234 2873 luth·
254 2839 333 2881 filio
355 2840 554 2876 dedicatus.
570 2860 614 2866 —
642 2843 673 2884 1)
696 2841 793 2874 Idem
818 2844 861 2873 ut
883 2840 1025 2873 videtur·
1050 2840 1154 2873 homo
1178 2839 1248 2874 XII
1268 2840 1365 2874 1516.
1381 2859 1427 2865 -
1451 2842 1488 2883 2)
1512 2840 1567 2881 Gt:
1586 2840 1632 2875 N.
1644 2841 1742 2875 4127.
1758 2840 1857 2875 4151.

145 2896 241 2930 cuo.
264 2914 311 2922 —
333 2898 368 2940 3)
392 2897 535 2931 Publice
557 2897 697 2938 factum
720 2898 868 2940 (lectum
892 2897 1133 2940 perscribitur
1154 2895 1246 2930 XIII
1263 2895 1364 2942 522).

263 2986 379 3034 4130
418 3019 625 3031 .......
629 2991 641 3013 ¹
672 2988 758 3048 [pro
787 2990 910 3032 salute
947 2992 1040 3043 imp.
1070 2988 1127 3029 M.
1157 2989 1252 3030 Aur.
1287 2989 1486 3031 Commodi
1509 2987 1516 3045 Ι
1541 2990 1733 3031 Antonini
1757 2990 1856 3043 Any.

148 3052 227 3112 PiJi
256 3056 467 3110 domuusq.
491 3058 670 3109 diffluae,
701 3058 833 3099 colon.
855 3057 999 3111 Copiae
1021 3057 1153 3098 Claud.
1175 3059 1274 3110 Aug.
1294 3057 1410 3112 Lug.²
1434 3057 1441 3113 Ι
1466 3057 1734 3099 taurobolium
1764 3058 1858 3099 fecit
