2092 3360
1971 0 2092 174 Ἴ

315 165 394 205 126
1063 162 1185 209 Caput
1206 162 1271 200 XI.

424 277 539 325 4007
589 279 634 319 T.
656 278 713 318 Fl.
736 277 911 317 Iulianus
932 277 963 316 L
981 308 990 318 .
1010 308 1018 317 .
1037 308 1046 318 .
1075 276 1081 332 Ι
1107 278 1316 320 duodecim
1347 275 1446 336 dii[s]
1475 276 1480 334 Ι
1507 278 1762 320 sanctissimis
1789 278 1795 334 Ι
1821 280 1965 333 posuit.

428 346 649 380 Oittadueale
669 354 783 388 prope
805 342 915 376 Reate
938 344 1167 384 (Persiehetti
1189 345 1334 380 Notizie
1359 346 1456 389 degli
1478 347 1577 379 soavi
1599 345 1684 380 4894
1706 356 1740 389 p.
1759 345 1834 392 59).

423 436 539 482 4008
596 436 711 476 dibus
741 435 911 476 deabus¹
939 434 945 489 Ι
972 436 1016 475 Τ.
1047 436 1170 479 Iulius
1201 438 1408 479 Placidus²
1433 438 1440 491 Ι
1465 451 1500 478 v,
1532 452 1563 479 s.
1595 439 1619 478 1.
1650 451 1703 479 m.

422 505 637 545 Barcinone,
669 506 745 535 octo
779 513 867 536 arae
896 502 1023 535 iiedem
1052 504 1169 536 verbis
1198 506 1395 548 inscriptae
1429 505 1487 549 (II
1510 506 1596 540 4496
1630 505 1725 539 vidit
1753 505 1944 551 Huebner).
1979 525 2024 532 —

313 563 344 603 1)
369 560 468 594 deab.
491 570 579 603 pars
595 568 757 592 ararum.
772 577 819 584 —
843 559 879 602 2)
904 559 1001 592 Idem
1016 564 1240 594 memoratur
1255 561 1292 594 II
1307 560 1344 595 S.
1359 561 1455 595 6454.
1497 561 1675 595 Videntur
1696 560 1812 603 fuisse
1835 563 1902 596 hae
1925 564 2024 597 bases

309 627 459 650 numero
485 616 670 650 duodecim
695 619 729 651 et
751 616 962 650 sustinuisse
985 619 1072 650 nota
1095 627 1161 650 sem
1178 619 1290 660 paria
1315 618 1461 652 deorum
1485 618 1701 662 dearumque
1725 618 1843 664 (Δία).

422 692 538 740 4009
598 696 783 736 omnibus
813 696 887 736 diis
913 695 920 750 Ι
946 703 986 737 et
1016 697 1260 738 Caesaribus.

424 762 625 796 Vimercate
647 764 687 795 in
710 772 804 805 agro
828 762 1090 797 Mediolanensi
1114 764 1168 808 (V
1186 764 1277 798 5756
1300 764 1408 797 semel
1430 764 1641 809 descripta).

423 852 537 898 4010
594 866 749 894 sacrum
789 855 906 896 deum
946 857 1107 897 dearum
1143 855 1149 912 Ι
1183 863 1274 897 voto
1305 863 1490 911 suscepto
1526 855 1718 898 dedicavit
1751 855 1758 912 Ι
1793 857 1834 898 C.
1866 857 2023 899 Pactius

309 923 447 963 Rufus.

416 989 531 1032 Prope
558 987 675 1022 Tuder
697 1000 784 1033 rep„
809 990 936 1025 deinde
959 990 1093 1027 Romae
1116 991 1187 1033 (VI
1207 992 1280 1026 404.
1311 992 1365 1026 XI
1384 992 1471 1028 4657
1495 992 1607 1026 deser.
1622 991 1831 1036 Mar-inim).

421 1078 533 1126 4011
593 1093 749 1121 sacrum
776 1082 782 1137 Ι
809 1082 869 1124 dis
897 1084 1052 1136 magnis
1077 1083 1084 1139 Ι
1111 1084 1326 1125 maioribus
1356 1091 1396 1125 et
1430 1082 1435 1138 Ι
1467 1085 1738 1126 sanctissimae
1763 1087 1770 1138 Ι
1796 1084 1991 1126 sanctitati
2014 1089 2020 1139 Ι

308 1149 396 1202 Ulp.
427 1161 480 1188 m.
512 1161 550 1201 p.
580 1149 605 1190 f.

422 1215 540 1249 Laelio
564 1217 604 1249 in
627 1216 820 1259 Hungaria
852 1216 942 1261 (non
966 1217 1073 1260 longe
1097 1220 1139 1253 ab
1164 1218 1280 1262 Eszeg
1303 1220 1377 1252 sive
1401 1218 1542 1263 Mursa)
1567 1229 1641 1262 rep.
1666 1231 1700 1253 a.
1715 1218 1801 1254 4785
1833 1219 1909 1264 (ΙΙΙ
1926 1219 2022 1255 5292

307 1272 415 1305 semel
437 1272 645 1316 descripta).

421 1362 537 1409 4012
565 1364 774 1421 sanctiltati
802 1368 809 1419 Ι
834 1365 937 1406 lovis
958 1372 997 1406 et
1021 1365 1027 1421 Ι
1055 1367 1221 1419 Augusti
1248 1365 1254 1422 Ι
1280 1379 1436 1408 sacrum
1463 1366 1470 1421 Ι
1496 1367 1670 1408 Lucilius
1695 1365 1701 1421 Ι
1730 1367 1833 1408 Cesti
1858 1371 1974 1417 (rota)
1995 1367 2022 1409 f.

423 1430 619 1464 St.-Privat
639 1442 751 1475 prope
774 1431 992 1466 Nemausum
1018 1432 1106 1477 (XII
1125 1434 1213 1469 2984
1239 1434 1332 1467 vidit
1353 1433 1520 1478 Allmer).

422 1521 535 1567 4013
593 1524 708 1565 dibus
734 1524 739 1580 Ι
767 1526 982 1566 maioribus
1009 1526 1015 1579 Ι
1041 1527 1224 1567 Aurelius
1250 1525 1257 1580 Ι
1284 1526 1536 1567 Secundinus
1563 1524 1570 1580 Ι
1595 1538 1632 1566 ν.
1661 1539 1693 1566 s.
1725 1525 1751 1566 l.
1781 1538 1836 1565 m.

427 1588 602 1633 Topuslco,
634 1592 687 1623 ibi
708 1592 772 1624 ubi
794 1592 841 1626 N.
858 1592 947 1626 5940
973 1592 1048 1638 (ΙΙΙ
1060 1594 1153 1628 5959
1178 1592 1225 1633 es:
1252 1593 1309 1626 ΙΙΙ
1328 1593 1364 1627 S.
1388 1604 1422 1636 p.
1439 1593 1522 1626 4740
1551 1592 1659 1626 semel
1681 1604 1703 1626 a
1726 1594 1844 1626 neseio
1869 1602 1939 1636 quo
1962 1592 2026 1626 sed

309 1648 479 1678 accurate
501 1649 544 1679 ut
567 1647 709 1680 videtur
732 1647 939 1693 descripta).

421 1737 536 1783 4014
584 1740 799 1781 Maioribus
824 1741 832 1795 Ι
858 1742 1004 1782 sanctis
1034 1743 1078 1782 L.
1101 1709 1278 1797 Naefl-vius
1307 1741 1530 1794 Campanus
1557 1739 1562 1795 Ι
1588 1741 1703 1782 kast.¹
1733 1741 1810 1794 leg.
1831 1741 1904 1782 1111
1933 1741 1992 1782 Fl.
2013 1739 2023 1798 Ι

308 1818 384 1858 pro
416 1807 539 1846 salute
569 1819 638 1848 sua
669 1813 708 1847 et
732 1806 739 1861 Ι
765 1821 931 1849 suorum
960 1823 995 1849 v.
1028 1823 1058 1850 s.
1089 1809 1114 1849 l.
1146 1822 1199 1849 m.

422 1873 584 1916 Aquinei
605 1884 679 1917 rep.
711 1873 785 1918 (III
803 1875 889 1909 5464
921 1875 1013 1909 vidit
1034 1875 1258 1921 Mommsen).
1287 1894 1333 1900 —
1367 1876 1399 1918 1)
1424 1874 1492 1909 Vel
1513 1875 1688 1909 eoecidiue
1717 1874 1895 1919 praefecti
1917 1886 2024 1910 voca-

309 1930 430 1962 bulum
454 1930 511 1963 vel
534 1933 627 1964 certe
650 1931 815 1974 intellegi
839 1932 963 1965 debere
982 1931 1210 1976 praefectum
1235 1934 1438 1965 castrorum
1459 1934 1570 1975 putat
1593 1931 1752 1966 Momm.

421 2020 533 2066 4015
583 2023 639 2062 sei
670 2023 745 2063 deo
783 2024 840 2063 sei
870 2025 1003 2064 deivae
1043 2036 1121 2065 sac.
1157 2022 1163 2078 Ι
1200 2025 1242 2065 C.
1274 2024 1431 2064 Sextius
1461 2023 1502 2063 C.
1533 2023 1560 2062 f.
1592 2023 1796 2064 Calvinus¹
1835 2035 1896 2076 pr.
1931 2023 1940 2078 Ι
1972 2024 2022 2064 de
2072 2063 2073 2066 ,

309 2089 434 2129 senati
465 2090 660 2129 sententia
685 2087 692 2144 Ι
719 2090 904 2132 restituit.

423 2154 555 2189 Romae
584 2158 623 2189 in
647 2159 779 2190 montis
802 2157 965 2192 Palatini
986 2157 1122 2200 angulo
1153 2159 1217 2200 qm·
1240 2161 1293 2191 est
1320 2159 1417 2191 inter
1439 2159 1714 2201 septentrionem
1738 2161 1773 2191 et
1795 2158 2023 2201 occidentem,

310 2212 387 2245 loco
411 2215 454 2244 ut
477 2212 620 2245 videtur
644 2216 807 2257 antiquo,
831 2225 898 2248 ara
922 2226 968 2248 eoe
993 2214 1113 2258 lapide
1136 2213 1327 2248 Tiburtino
1353 2214 1493 2259 (1652;
1518 2214 1571 2249 VI
1583 2213 1646 2248 440
1670 2213 1718 2254 cll
1734 2214 1856 2249 50704.
1885 2214 2025 2251 fflteom

311 2269 381 2302 tab.
395 2268 480 2303 LVI
488 2269 540 2311 d).
553 2288 597 2294 —
625 2270 657 2312 1)
681 2269 757 2303 Via:
773 2272 805 2303 is
822 2273 884 2314 qui
907 2271 982 2311 fuit
997 2271 1123 2305 eon-ml
1145 2282 1178 2304 a.
1194 2281 1231 2304 u.
1247 2281 1275 2304 c.
1292 2271 1370 2312 650,
1392 2269 1547 2310 fortasse
1570 2271 1602 2303 ie
1626 2272 1690 2314 qui
1707 2274 1926 2305 memoratur
1950 2271 2021 2306 oio.

308 2325 412 2359 Brut.
431 2326 489 2368 54,
504 2326 582 2367 450,
607 2326 651 2359 de
667 2330 757 2360 orat.
773 2328 809 2370 2,
821 2328 874 2370 64,
885 2329 964 2372 249,
987 2327 1087 2362 illius
1101 2330 1144 2360 ut
1158 2327 1302 2360 videtur
1315 2326 1414 2367 filius
1431 2326 1639 2371 (Momms.).
1654 2345 1695 2351 —
1714 2326 1815 2360 Hane
1831 2338 1904 2360 esse
1919 2337 2023 2361 aram

310 2392 403 2425 quae
431 2383 503 2416 Aio
526 2382 678 2417 Locutio
710 2384 758 2417 ad
788 2385 924 2418 Palatii
956 2385 1097 2418 radices
1131 2394 1243 2427 supra
1280 2384 1401 2417 aedem
1432 2383 1562 2418 Vestae
1595 2384 1637 2417 in
1667 2382 1794 2424 infima
1825 2383 1930 2418 Nova
1960 2384 2022 2417 via

304 2442 457 2483 propter
486 2450 604 2473 vocem
635 2440 794 2474 divinam
826 2442 879 2474 ibi
908 2444 991 2474 ante
1021 2439 1206 2474 Gallorum
1237 2441 1428 2474 adventum
1458 2441 1622 2475 auditam
1651 2442 1786 2474 statuta
1810 2444 1863 2475 eet
1894 2439 2022 2484 (Van-r.

310 2506 368 2539 ap.
395 2496 480 2530 Gell.
502 2497 554 2539 46,
576 2496 618 2530 47
624 2510 638 2538 ,·
669 2497 746 2532 Liv.
768 2499 803 2540 5,
818 2498 879 2540 52,
894 2499 937 2539 6,·
963 2499 1020 2541 60,
1040 2499 1085 2539 6,·
1113 2498 1173 2539 52,
1189 2496 1229 2530 44
1236 2496 1329 2542 eet.)
1354 2499 1509 2531 coniecit
1530 2497 1708 2540 Mommae„
1735 2499 1847 2540 negat
1869 2495 2021 2530 Πασίωνι

310 2550 378 2595 (VI
400 2552 537 2597 50704).

423 2643 537 2688 4016
594 2647 625 2686 si
657 2647 730 2686 deo
761 2646 794 2686 si
823 2646 923 2695 deai‚
951 2645 957 2700 Ι
985 2645 1195 2686 Florianus
1225 2646 1343 2686 rexs.¹

426 2711 584 2744 Lanuvii
608 2710 745 2756 (civita
766 2710 950 2757 Lavigna)
981 2723 1067 2756 rep„
1098 2713 1192 2745 basis
1221 2723 1268 2745 ex
1300 2711 1418 2755 lapide
1440 2710 1579 2744 Albano
1609 2709 1730 2755 (Gaui
1761 2708 1906 2744 Notizie
1933 2708 2021 2744 4820

308 2778 344 2811 p.
361 2767 429 2802 248
435 2780 449 2809 ;
471 2768 549 2801 vidi
563 2768 760 2813 eetypum).
798 2769 958 2804 Litterae
981 2769 1148 2803 indicant
1169 2768 1349 2803 saeculum
1369 2778 1408 2812 p.
1426 2767 1505 2802 Chr.
1521 2767 1686 2802 alterum.
1709 2784 1757 2793 —-
1782 2767 1815 2810 1)
1831 2765 1909 2801 aaa:
1928 2768 2019 2811 puto

309 2824 536 2865 sacrificulus
559 2827 749 2868 municipii
771 2825 965 2859 Lanuvini.

423 2904 535 2950 4017
594 2907 650 2946 sei
680 2907 777 2947 deus
802 2907 809 2962 Ι
836 2908 893 2948 sei
922 2908 1005 2947 dea.

429 2970 558 3005 Tibure
580 2982 667 3015 rep„
699 2973 824 3016 cippus
847 2984 893 3006 eze
917 2973 1037 3016 lapide
1063 2971 1250 3006 Tiburtino
1275 2970 1407 3004 litteris
1434 2971 1605 3014 antiquis,
1637 2980 1734 3004 nune
1758 2968 1888 3004 Romae
1917 2967 2026 3015 (XIV

309 3026 401 3059 5372
425 3026 529 3071 vidi).
