2092 3360
212 160 294 198 516
937 159 1059 204 Caput
1080 160 1199 197 XIIII.

702 341 808 390 Lex
843 341 1091 405 municipii
1129 340 1434 406 Salpensani.

326 453 442 500 6088
510 452 579 510 [R.
645 453 702 494 Ut
747 457 1085 506 magistratus
1129 457 1395 497 civitatem
1440 455 1706 498 Romanam
1754 468 1927 498 conse-

638 529 875 575 quantur.

328 591 429 631 XXI.
492 622 501 631 .
525 621 534 631 .
558 590 640 638 Qua·
667 590 773 631 llvir
802 591 939 632 aedilis
967 598 1146 644 quaestor
1175 604 1226 632 em
1254 592 1324 633 hac
1347 593 1422 645 leye
1451 593 1581 645 factus
1609 595 1695 642 erit,
1726 595 1824 634 cives
1848 593 1929 635 Ro-

210 663 320 702 mani
360 667 495 709 sunto,
540 673 628 701 cum
665 667 753 714 post
798 673 947 701 annum
991 657 1238 717 mayistratu]
1277 659 1294 717 ΙΙ
1330 661 1520 711 abierint,
1566 674 1655 702 cum
1695 662 1928 715 parentibus

213 729 530 781 coniugibusque
569 728 642 768 hac
681 728 830 777 liberi¹‚
880 729 948 781 qui
988 727 1189 780 legitumis
1230 729 1366 782 nuptis
1407 730 1572 782 quaesiti
1611 730 1652 770 in
1693 736 1927 783 potestatem

210 797 436 850 parentium
465 795 668 844 fuerunt²‚
700 797 795 837 item
829 796 1044 850 nepotibus
1073 809 1119 837 ac
1147 797 1336 850 neptibus
1366 797 1447 838 filio
1473 795 1480 852 Ι
1508 798 1682 847 natalis⁸‚
1714 799 1782 851 qui
1806 811 1930 851 quae-

212 878 289 918 que
318 866 358 906 in
390 870 585 919 potestate
615 865 841 918 parentium
872 866 1043 907 fuerint:
1084 865 1178 904 dum
1211 878 1262 905 ne
1293 865 1468 918 plures³⁸
1499 879 1532 906 c.
1565 867 1628 907 R.⁴
1653 864 1659 921 Ι
1695 867 1786 915 sint,
1827 868 1929 920 qua‘

214 933 321 986 quod
353 946 400 974 ex
429 933 468 974 h.
500 933 542 976 l.⁶
572 934 822 986 magistratus
852 945 987 974 creare
1019 939 1191 986 oportet.

266 1025 331 1066 Β]
381 1025 438 1065 Ut
467 1025 552 1077 qui
582 1025 768 1066 civitat.
800 1025 1000 1066 Roman.
1033 1032 1436 1077 consequantur,
1478 1032 1712 1067 maneant
1751 1026 1800 1067 in
1842 1039 1929 1068 eo·

382 1094 593 1134 rundem
623 1105 675 1133 m.
708 1093 775 1133 m.⁸
806 1091 812 1148 Ι
840 1100 1114 1146 potestate.
1144 1092 1150 1148 Ι

323 1152 443 1203 XX-II.
504 1161 582 1208 Qui
613 1162 818 1214 quaeque⁹
859 1175 906 1203 ex
945 1163 984 1205 h.
1015 1161 1058 1203 l.⁶
1091 1175 1184 1203 exve
1217 1162 1302 1202 ex²⁰
1340 1163 1469 1203 edicto
1499 1163 1594 1216 imp.
1626 1162 1800 1205 Caesaris
1828 1164 1929 1216 Aug.

212 1231 456 1284 Vespasiani,
486 1230 629 1282 imp.ve
659 1230 738 1270 Titi
766 1228 772 1284 Ι
799 1229 975 1271 Caesaris
1005 1231 1120 1284 Aug.,
1150 1237 1218 1271 aut
1247 1231 1342 1283 imp.
1375 1230 1550 1271 Caesaris
1581 1233 1680 1285 Aug.
1701 1232 1929 1282 Domitiani,

210 1311 249 1352 p.
281 1299 365 1352 p.¹¹‚
403 1299 598 1339 civitatem
628 1299 796 1339 Roman.
824 1297 830 1353 Ι
863 1305 1104 1340 consecutus
1135 1306 1350 1340 consecuta
1381 1299 1474 1339 erit:
1515 1300 1548 1340 is
1579 1312 1623 1339 ea
1654 1300 1696 1340 in
1727 1301 1824 1347 eius,
1861 1301 1930 1354 qui

210 1378 246 1406 c.
277 1366 357 1407 R.¹2
391 1367 430 1407 h.
461 1367 504 1407 15⁵
542 1367 670 1408 factus
702 1367 788 1416 erit,
827 1374 1022 1421 potestate
1058 1366 1064 1423 Ι
1102 1380 1224 1408 manu
1254 1367 1466 1420 mancipio,
1506 1368 1619 1409 cuius
1649 1381 1736 1409 esse
1766 1367 1930 1409 deberet

212 1435 245 1474 si
276 1434 430 1475 civitate
460 1435 676 1475 Romanam
709 1442 881 1476 mutatus
919 1434 924 1491 Ι
966 1442 1114 1477 mutata
1147 1449 1229 1476 non
1261 1442 1376 1485 esset,
1408 1441 1506 1485 esto,
1546 1435 1664 1488 idque
1695 1436 1756 1477 ius
1786 1437 1928 1478 tutoris

212 1502 376 1554 optandi
406 1502 562 1552 habeto,
595 1505 700 1556 quod
728 1502 733 1559 Ι
760 1504 937 1550 haberet,
969 1505 1002 1546 si
1032 1517 1053 1544 a
1086 1506 1169 1545 cive
1190 1505 1370 1545 Romano
1402 1509 1513 1545 ortus
1543 1510 1629 1544 orta
1661 1517 1752 1557 neq.
1774 1504 1928 1545 civitate

211 1576 385 1612 mutatus
415 1569 576 1626 multata
605 1579 721 1612 esset.

266 1662 316 1701 R.
360 1662 414 1702 Ut
445 1663 529 1714 qui
560 1663 695 1703 c.R.¹⁴
725 1671 1125 1716 consequentur,
1158 1664 1269 1703 iura
1302 1662 1604 1703 libertorum
1634 1661 1926 1719 retineant.)

323 1729 461 1770 XXIII.
523 1731 600 1778 Qui
630 1743 778 1783 quaeve
809 1732 885 1772 ¹⁵h.
916 1732 942 1771 l.
974 1744 1069 1772 exve
1100 1732 1228 1772 edicto
1259 1733 1355 1784 imp.
1384 1731 1491 1771 Caes.
1515 1730 1629 1785 Vesp.
1651 1732 1750 1784 Aug.
1782 1731 1926 1785 imp.ve

210 1798 287 1837 Titi
319 1797 427 1839 Caes.
458 1798 685 1851 Vespasian.
717 1801 790 1840 Au.
832 1797 838 1854 Ι
878 1806 947 1840 aut
985 1800 1081 1853 imp.
1113 1799 1221 1840 Caes.
1253 1799 1467 1840 Domitiani
1495 1799 1595 1853 Aug.
1635 1812 1669 1839 c.
1701 1799 1746 1841 R.
1781 1812 1923 1841 conse·

212 1872 326 1907 cutus
357 1874 571 1907 consecuta
603 1868 695 1907 erit:
735 1868 767 1908 is
797 1868 837 1907 in
866 1866 872 1921 Ι
898 1867 1064 1908 libertos
1094 1868 1303 1908 libertasve
1332 1881 1426 1908 suos
1455 1880 1546 1908 suas
1576 1874 1765 1921 paternos
1793 1873 1926 1921 pater-

213 1946 297 1983 nas,
329 1935 396 1987 qui
428 1947 530 1988 quae
560 1936 600 1975 in
634 1948 668 1976 c.
690 1935 768 1975 R.¹⁴
800 1933 913 1991 [n]on
942 1934 948 1991 Ι
975 1936 1140 1984 venerit,
1172 1936 1300 1988 deque
1329 1935 1446 1977 bonis
1477 1948 1615 1976 eorum
1645 1948 1779 1976 earum
1810 1942 1849 1976 et
1877 1936 1925 1984 is,

212 2015 312 2054 quae
341 2003 535 2044 libertatis
573 2016 689 2044 causa
719 2004 891 2057 inposita
931 2003 936 2059 Ι
976 2011 1083 2053 sunt,
1124 2005 1228 2045 idem
1267 2005 1328 2044 ius
1359 2004 1575 2056 eademque
1613 2004 1795 2045 condicio
1825 2010 1924 2053 esto,

211 2082 311 2122 quae
341 2079 456 2119 esset,
487 2072 520 2112 si
551 2073 706 2113 civitate
737 2073 896 2114 mutatis
908 2073 936 2095 ¹⁰
963 2073 968 2127 Ι
996 2079 1168 2114 mutatae
1180 2072 1207 2095 ¹⁷
1237 2086 1320 2113 non
1352 2078 1468 2113 esset.

266 2161 315 2201 R.
371 2162 436 2202 De
467 2164 732 2215 praefecto
764 2164 875 2218 imp.
907 2165 1144 2206 Caesaris
1174 2163 1449 2205 Domitiani
1480 2164 1593 2216 Aug.
1622 2161 1628 2217 Ι

324 2229 481 2270 XXIIII.
542 2231 582 2272 Si
614 2232 699 2273 eius
728 2233 921 2286 municipi
954 2233 1193 2274 decuriones
1230 2232 1496 2284 conscriptive
1532 2231 1799 2285 municipesve
1829 2231 1924 2285 imp.

211 2297 386 2339 Caesaris
398 2299 425 2320 ¹⁸
455 2299 666 2340 Domitian.
702 2300 708 2356 Ι
742 2302 842 2354 Aug.
874 2315 914 2355 p.
946 2315 985 2355 p.
1018 2302 1222 2342 IIviratum
1253 2301 1456 2341 communi
1487 2300 1649 2341 nomine
1679 2292 1923 2352 municipum

212 2368 297 2407 eius
316 2368 507 2421 municipi
529 2366 815 2424 deltulerantffl,
848 2371 1033 2423 imp.ve20
1064 2370 1315 2411 Domitiani²¹
1347 2368 1561 2410 Caesaris²²
1590 2370 1689 2422 Aug.
1710 2381 1749 2421 p.
1770 2380 1810 2421 p.
1832 2380 1923 2408 eum

208 2435 416 2482 IIviratum
446 2438 646 2491 receperit
670 2436 677 2493 Ι
705 2445 744 2478 et
773 2439 861 2479 loco
893 2452 965 2479 suo
997 2440 1243 2492 praefectum
1275 2450 1393 2491 quem
1425 2450 1510 2478 esse
1539 2437 1717 2478 iusserit:
1749 2436 1781 2477 is
1810 2448 1923 2488 prae-

210 2504 337 2546 fectus
368 2517 414 2544 eo
445 2505 529 2545 ve²⁸
560 2512 656 2556 esto,
689 2519 766 2559 quo
794 2504 801 2562 Ι
828 2514 932 2548 esset
962 2507 995 2548 si
1026 2520 1118 2547 eum
1149 2507 1256 2547 llvir.
1287 2507 1313 2546 i.
1344 2506 1415 2546 d.²⁴
1444 2519 1491 2546 ex
1520 2506 1559 2546 h.
1585 2505 1610 2545 1.
1640 2504 1768 2546 solum
1798 2505 1924 2545 creari

213 2573 464 2624 oportuisset,
495 2573 606 2625 isque
638 2587 685 2614 ex
716 2575 754 2614 h.
786 2575 811 2615 l.
843 2575 952 2616 solus
980 2573 985 2629 Ι
1013 2576 1108 2616 llvir
1137 2575 1162 2615 i.
1194 2576 1231 2615 d.
1263 2581 1417 2615 creatus
1448 2579 1563 2615 esset.

330 2685 360 2726 1)
387 2684 463 2718 Ser.
486 2695 525 2718 ac
548 2684 682 2728 liberis,
719 2687 753 2727 2)
776 2685 918 2729 suerint,
957 2688 991 2729 3)
1016 2686 1117 2720 natis.
1152 2705 1194 2710 —
1229 2687 1278 2728 3⁸)
1304 2685 1519 2718 Prohibetur
1541 2694 1585 2716 ne
1607 2684 1924 2726 subrogationibus

211 2742 329 2773 maior
352 2751 540 2774 numerum
563 2743 786 2786 municipum
815 2742 865 2775 ad
887 2744 1070 2776 civitatem
1093 2745 1295 2786 perveniat.
1343 2739 1396 2781 Cf:
1421 2740 1613 2774 Mommsen
1638 2739 1774 2775 Stader.
1796 2751 1833 2783 p.
1858 2741 1923 2774 405

211 2798 367 2838 not.38;
390 2796 595 2837 Hirschfeld
616 2808 684 2831 zur
711 2798 831 2832 Gesch.
857 2799 916 2832 des
940 2798 1006 2833 lat.
1030 2798 1157 2833 Rechts
1178 2801 1267 2842 μδ.
1284 2818 1327 2823 -
1353 2799 1387 2840 4)
1413 2796 1512 2830 Cives
1535 2795 1697 2830 Romani.
1714 2815 1760 2822 —
1784 2798 1816 2839 5)
1843 2796 1921 2831 Ser.

212 2862 326 2896 quam.
349 2871 393 2877 —-
419 2855 453 2895 6)
477 2854 553 2888 Hac
577 2854 663 2897 lege.
687 2874 732 2880 —
763 2858 796 2896 7)
819 2855 988 2889 Rutu-ica.
1012 2875 1057 2881 —
1082 2856 1114 2898 8)
1140 2856 1322 2898 Mane-ipio
1349 2863 1458 2886 manu
1481 2853 1585 2894 (mom
1610 2855 1662 2886 eet
1683 2855 1724 2886 in
1747 2856 1857 2896 aere).
1877 2871 1924 2878 —

212 2911 249 2950 9)
275 2909 351 2944 Ser.
375 2920 518 2954 quaeve.
551 2930 597 2936 -
629 2913 683 2953 10)
708 2911 795 2945 Delo
819 2922 872 2947 ex.
904 2931 948 2937 —
985 2913 1040 2954 11)
1064 2913 1184 2946 Patris
1204 2913 1357 2956 patriae.
1386 2928 1433 2935 —-
1465 2909 1519 2951 12)
1546 2908 1639 2943 Civis
1663 2909 1853 2944 Romanus.
1877 2928 1924 2934 —

215 2966 269 3006 13)
293 2965 379 2998 Delo
396 2965 558 3002 Romana.
573 2987 617 2993 -—
645 2970 700 3011 14)
725 2968 911 3002 Civitatem
927 2967 1137 3003 Romanam.
1156 2988 1198 2993 —
1226 2970 1280 3011 15)
1305 2968 1424 3001 Insere
1447 2975 1499 2999 ex.
1515 2984 1560 2990 —-
1590 2967 1642 3008 16)
1666 2966 1742 3001 Sor.
1760 2968 1921 3008 mutatus,

217 3023 271 3063 Π)
302 3024 442 3056 mutata.
474 3042 519 3048 —
559 3026 611 3067 18)
644 3024 719 3059 Sor.
745 3025 890 3059 Caesari.
920 3045 965 3050 —
1003 3026 1057 3067 19)
1088 3024 1166 3058 Ser.
1192 3023 1387 3058 detulerint.
1422 3041 1467 3048 —-
1502 3024 1559 3065 20)
1589 3022 1666 3056 Ser.
1691 3023 1853 3067 imp.que.
1877 3040 1922 3048 —

214 3077 270 3117 21)
296 3077 371 3111 Ser.
398 3077 627 3123 Domitianus,
665 3082 722 3123 22)
748 3081 883 3116 Caesar.
908 3100 952 3106 —
984 3082 1041 3122 23)
1066 3080 1144 3115 Ser.
1168 3080 1250 3114 iure.
1276 3098 1319 3104 —
1345 3081 1401 3122 24)
1426 3079 1509 3112 Iure
1532 3079 1699 3113 dicundo.
