<?xml version="1.0" encoding="UTF-8"?>
<!DOCTYPE html PUBLIC "-//W3C//DTD XHTML 1.0 Transitional//EN"
    "http://www.w3.org/TR/xhtml1/DTD/xhtml1-transitional.dtd">
<html xmlns="http://www.w3.org/1999/xhtml" xml:lang="en" lang="en">
 <head>
  <title>
</title>
<meta http-equiv="Content-Type" content="text/html;charset=utf-8" />
  <meta name='ocr-system' content='tesseract 3.04.00' />
  <meta name='ocr-capabilities' content='ocr_page ocr_carea ocr_par ocr_line ocrx_word'/>
</head>
<body>
  <div class='ocr_page' id='page_1' title='image "./inscriptioneslat21dessuoft_0512.png"; bbox 0 0 2092 3360; ppageno 0'>
   <div class='ocr_carea' id='block_1_1' title="bbox 217 166 1201 212">
    <p class='ocr_par' dir='ltr' id='par_1_1' title="bbox 217 166 1201 212">
     <span class='ocr_line' id='line_1_1' title="bbox 217 166 1201 212; baseline -0.006 -5"><span class='ocrx_word' id='word_1_1' title='bbox 217 167 299 207; x_wconf 84' lang='lat'>502</span> <span class='ocrx_word' id='word_1_2' title='bbox 940 166 1060 212; x_wconf 74' lang='lat' dir='ltr'>Caput</span> <span class='ocrx_word' id='word_1_3' title='bbox 1082 166 1201 202; x_wconf 85' lang='lat' dir='ltr'>XIIII.</span> 
     </span>
    </p>
   </div>
   <div class='ocr_carea' id='block_1_2' title="bbox 424 279 1707 345">
    <p class='ocr_par' dir='ltr' id='par_1_2' title="bbox 424 279 1707 345">
     <span class='ocr_line' id='line_1_2' title="bbox 424 279 1707 345; baseline 0.001 -14"><span class='ocrx_word' id='word_1_4' title='bbox 424 283 529 331; x_wconf 82' lang='lat' dir='ltr'>Lex</span> <span class='ocrx_word' id='word_1_5' title='bbox 565 280 782 329; x_wconf 85' lang='lat' dir='ltr'>coloniae</span> <span class='ocrx_word' id='word_1_6' title='bbox 818 279 1087 331; x_wconf 80' lang='lat' dir='ltr'>Genetivae</span> <span class='ocrx_word' id='word_1_7' title='bbox 1122 280 1279 330; x_wconf 87' lang='lat' dir='ltr'>Iuliae</span> <span class='ocrx_word' id='word_1_8' title='bbox 1316 296 1354 329; x_wconf 76' lang='lat' dir='ltr'>S.</span> <span class='ocrx_word' id='word_1_9' title='bbox 1393 280 1707 345; x_wconf 77' lang='lat' dir='ltr'>UrsonensiS.</span> 
     </span>
    </p>
   </div>
   <div class='ocr_carea' id='block_1_3' title="bbox 202 379 1928 2418">
    <p class='ocr_par' dir='ltr' id='par_1_3' title="bbox 211 379 1928 847">
     <span class='ocr_line' id='line_1_3' title="bbox 328 379 1923 438; baseline 0.003 -17"><span class='ocrx_word' id='word_1_10' title='bbox 328 382 442 429; x_wconf 78' lang='grc'>6087</span> <span class='ocrx_word' id='word_1_11' title='bbox 505 379 636 437; x_wconf 88' lang='lat' dir='ltr'>[LXI.</span> <span class='ocrx_word' id='word_1_12' title='bbox 660 412 668 420; x_wconf 93' lang='lat'>.</span> <span class='ocrx_word' id='word_1_13' title='bbox 694 412 703 422; x_wconf 92' lang='lat'>.</span> <span class='ocrx_word' id='word_1_14' title='bbox 735 381 810 422; x_wconf 82' lang='lat' dir='ltr'>Cui</span> <span class='ocrx_word' id='word_1_15' title='bbox 837 385 921 435; x_wconf 81' lang='lat' dir='ltr'>quis</span> <span class='ocrx_word' id='word_1_16' title='bbox 950 385 1006 424; x_wconf 77' lang='lat' dir='ltr'>ita</span> <span class='ocrx_word' id='word_1_17' title='bbox 1035 379 1230 438; x_wconf 67' lang='lat' dir='ltr'>massaum</span> <span class='ocrx_word' id='word_1_18' title='bbox 1260 382 1432 423; x_wconf 87' lang='lat' dir='ltr'>inicere¹</span> <span class='ocrx_word' id='word_1_19' title='bbox 1472 384 1601 424; x_wconf 85' lang='lat' dir='ltr'>iussus</span> <span class='ocrx_word' id='word_1_20' title='bbox 1631 384 1725 434; x_wconf 88' lang='lat' dir='ltr'>erit,</span> <span class='ocrx_word' id='word_1_21' title='bbox 1765 385 1923 426; x_wconf 86' lang='lat' dir='ltr'>iudicati</span> 
     </span>
     <span class='ocr_line' id='line_1_4' title="bbox 213 447 1923 506; baseline 0.001 -13"><span class='ocrx_word' id='word_1_22' title='bbox 213 453 299 493; x_wconf 89' lang='lat' dir='ltr'>iure</span> <span class='ocrx_word' id='word_1_23' title='bbox 330 448 488 506; x_wconf 70' lang='lat' dir='ltr'>malnus</span> <span class='ocrx_word' id='word_1_24' title='bbox 519 450 679 490; x_wconf 90' lang='lat' dir='ltr'>iniectio</span> <span class='ocrx_word' id='word_1_25' title='bbox 712 456 795 490; x_wconf 91' lang='lat' dir='ltr'>esto</span> <span class='ocrx_word' id='word_1_26' title='bbox 827 450 935 502; x_wconf 82' lang='lat' dir='ltr'>itque</span> <span class='ocrx_word' id='word_1_27' title='bbox 966 451 1002 490; x_wconf 91' lang='lat' dir='ltr'>ei</span> <span class='ocrx_word' id='word_1_28' title='bbox 1032 464 1063 491; x_wconf 90' lang='lat' dir='ltr'>s.</span> <span class='ocrx_word' id='word_1_29' title='bbox 1086 452 1113 491; x_wconf 89' lang='lat' dir='ltr'>f.</span> <span class='ocrx_word' id='word_1_30' title='bbox 1136 447 1185 492; x_wconf 84' lang='lat' dir='ltr'>s.²</span> <span class='ocrx_word' id='word_1_31' title='bbox 1213 452 1343 491; x_wconf 84' lang='lat' dir='ltr'>facere</span> <span class='ocrx_word' id='word_1_32' title='bbox 1364 451 1495 492; x_wconf 89' lang='lat' dir='ltr'>liceto.</span> <span class='ocrx_word' id='word_1_33' title='bbox 1539 448 1704 506; x_wconf 70' lang='lat' dir='ltr'>Vinldex</span> <span class='ocrx_word' id='word_1_34' title='bbox 1734 452 1923 494; x_wconf 86' lang='lat' dir='ltr'>arbitratu</span> 
     </span>
     <span class='ocr_line' id='line_1_5' title="bbox 212 511 1925 574; baseline 0 -13"><span class='ocrx_word' id='word_1_35' title='bbox 212 511 322 561; x_wconf 66' lang='lat' dir='ltr'>sffiri</span> <span class='ocrx_word' id='word_1_36' title='bbox 353 517 524 571; x_wconf 82' lang='lat' dir='ltr'>quique³</span> <span class='ocrx_word' id='word_1_37' title='bbox 555 518 580 557; x_wconf 88' lang='lat' dir='ltr'>i.</span> <span class='ocrx_word' id='word_1_38' title='bbox 612 517 649 557; x_wconf 94' lang='lat' dir='ltr'>d.</span> <span class='ocrx_word' id='word_1_39' title='bbox 681 518 737 570; x_wconf 74' lang='lat' dir='ltr'>p.⁴</span> <span class='ocrx_word' id='word_1_40' title='bbox 769 517 969 571; x_wconf 79' lang='lat' dir='ltr'>locuples⁵</span> <span class='ocrx_word' id='word_1_41' title='bbox 994 516 1001 573; x_wconf 86' lang='grc' dir='ltr'>Ι</span> <span class='ocrx_word' id='word_1_42' title='bbox 1029 526 1125 560; x_wconf 90' lang='lat' dir='ltr'>esto.</span> <span class='ocrx_word' id='word_1_43' title='bbox 1179 520 1226 560; x_wconf 84' lang='lat' dir='ltr'>Ni</span> <span class='ocrx_word' id='word_1_44' title='bbox 1246 519 1440 560; x_wconf 90' lang='lat' dir='ltr'>vindicem</span> <span class='ocrx_word' id='word_1_45' title='bbox 1471 519 1579 560; x_wconf 90' lang='lat' dir='ltr'>dabit</span> <span class='ocrx_word' id='word_1_46' title='bbox 1607 520 1925 574; x_wconf 86' lang='lat' dir='ltr'>iudicatumque⁸</span> 
     </span>
     <span class='ocr_line' id='line_1_6' title="bbox 213 585 1928 643; baseline 0 -14"><span class='ocrx_word' id='word_1_47' title='bbox 213 586 352 643; x_wconf 70' lang='lat' dir='ltr'>facilet,</span> <span class='ocrx_word' id='word_1_48' title='bbox 390 599 525 627; x_wconf 89' lang='lat' dir='ltr'>secum</span> <span class='ocrx_word' id='word_1_49' title='bbox 556 586 729 626; x_wconf 85' lang='lat' dir='ltr'>ducito⁷.</span> <span class='ocrx_word' id='word_1_50' title='bbox 789 586 879 626; x_wconf 89' lang='lat' dir='ltr'>lure</span> <span class='ocrx_word' id='word_1_51' title='bbox 910 587 1011 627; x_wconf 90' lang='lat' dir='ltr'>civili</span> <span class='ocrx_word' id='word_1_52' title='bbox 1042 587 1214 628; x_wconf 88' lang='lat' dir='ltr'>vinctum</span> <span class='ocrx_word' id='word_1_53' title='bbox 1246 587 1425 628; x_wconf 85' lang='lat' dir='ltr'>habeto⁷.</span> <span class='ocrx_word' id='word_1_54' title='bbox 1463 586 1468 642; x_wconf 88' lang='grc' dir='ltr'>Ι</span> <span class='ocrx_word' id='word_1_55' title='bbox 1503 588 1543 628; x_wconf 92' lang='lat' dir='ltr'>Si</span> <span class='ocrx_word' id='word_1_56' title='bbox 1574 588 1663 640; x_wconf 87' lang='lat' dir='ltr'>quis</span> <span class='ocrx_word' id='word_1_57' title='bbox 1697 589 1738 629; x_wconf 90' lang='lat' dir='ltr'>in</span> <span class='ocrx_word' id='word_1_58' title='bbox 1770 601 1818 629; x_wconf 91' lang='lat' dir='ltr'>eo</span> <span class='ocrx_word' id='word_1_59' title='bbox 1846 585 1928 630; x_wconf 73' lang='lat' dir='ltr'>vim⁴</span> 
     </span>
     <span class='ocr_line' id='line_1_7' title="bbox 212 653 1924 710; baseline 0.001 -14"><span class='ocrx_word' id='word_1_60' title='bbox 212 656 341 703; x_wconf 82' lang='lat' dir='ltr'>faciet,</span> <span class='ocrx_word' id='word_1_61' title='bbox 373 655 456 696; x_wconf 85' lang='lat' dir='ltr'>ast⁸</span> <span class='ocrx_word' id='word_1_62' title='bbox 487 654 572 695; x_wconf 88' lang='lat' dir='ltr'>eius</span> <span class='ocrx_word' id='word_1_63' title='bbox 592 655 776 704; x_wconf 86' lang='lat' dir='ltr'>vincitur,</span> <span class='ocrx_word' id='word_1_64' title='bbox 808 653 929 710; x_wconf 68' lang='lat' dir='ltr'>dulpli</span> <span class='ocrx_word' id='word_1_65' title='bbox 960 655 1123 696; x_wconf 86' lang='lat' dir='ltr'>damnas</span> <span class='ocrx_word' id='word_1_66' title='bbox 1144 662 1226 696; x_wconf 87' lang='lat' dir='ltr'>esto</span> <span class='ocrx_word' id='word_1_67' title='bbox 1253 655 1446 708; x_wconf 88' lang='lat' dir='ltr'>colonisq.</span> <span class='ocrx_word' id='word_1_68' title='bbox 1469 656 1553 697; x_wconf 89' lang='lat' dir='ltr'>eius</span> <span class='ocrx_word' id='word_1_69' title='bbox 1574 656 1704 697; x_wconf 85' lang='lat' dir='ltr'>colon.</span> <span class='ocrx_word' id='word_1_70' title='bbox 1729 656 1791 697; x_wconf 89' lang='lat' dir='ltr'>HS</span> <span class='ocrx_word' id='word_1_71' title='bbox 1813 657 1924 698; x_wconf 79' lang='lat' dir='ltr'>ccloo</span> 
     </span>
     <span class='ocr_line' id='line_1_8' title="bbox 212 715 1925 779; baseline 0.001 -15"><span class='ocrx_word' id='word_1_72' title='bbox 212 724 348 764; x_wconf 82' lang='lat' dir='ltr'>ccloo⁹</span> <span class='ocrx_word' id='word_1_73' title='bbox 387 724 421 766; x_wconf 90' lang='lat' dir='ltr'>d.</span> <span class='ocrx_word' id='word_1_74' title='bbox 457 723 526 763; x_wconf 90' lang='lat' dir='ltr'>d.¹⁰</span> <span class='ocrx_word' id='word_1_75' title='bbox 565 729 661 771; x_wconf 87' lang='lat' dir='ltr'>esto,</span> <span class='ocrx_word' id='word_1_76' title='bbox 708 723 872 776; x_wconf 84' lang='lat' dir='ltr'>eiusque</span> <span class='ocrx_word' id='word_1_77' title='bbox 902 724 1095 776; x_wconf 83' lang='lat' dir='ltr'>pecuniae</span> <span class='ocrx_word' id='word_1_78' title='bbox 1133 724 1234 764; x_wconf 85' lang='lat' dir='ltr'>cui¹¹</span> <span class='ocrx_word' id='word_1_79' title='bbox 1273 720 1388 779; x_wconf 60' lang='lat' dir='ltr'>vollet</span> <span class='ocrx_word' id='word_1_80' title='bbox 1418 724 1568 778; x_wconf 89' lang='lat' dir='ltr'>petitio,</span> <span class='ocrx_word' id='word_1_81' title='bbox 1614 715 1721 765; x_wconf 66' lang='lat' dir='ltr'>l—Ivir.</span> <span class='ocrx_word' id='word_1_82' title='bbox 1753 725 1925 777; x_wconf 77' lang='lat' dir='ltr'>quique³</span> 
     </span>
     <span class='ocr_line' id='line_1_9' title="bbox 211 789 1009 847; baseline 0 -16"><span class='ocrx_word' id='word_1_83' title='bbox 211 793 234 834; x_wconf 90' lang='lat' dir='ltr'>i.</span> <span class='ocrx_word' id='word_1_84' title='bbox 265 793 302 832; x_wconf 91' lang='lat' dir='ltr'>d.</span> <span class='ocrx_word' id='word_1_85' title='bbox 333 792 389 844; x_wconf 80' lang='lat' dir='ltr'>p.⁴</span> <span class='ocrx_word' id='word_1_86' title='bbox 420 791 570 831; x_wconf 87' lang='lat' dir='ltr'>exactio</span> <span class='ocrx_word' id='word_1_87' title='bbox 601 789 880 847; x_wconf 65' lang='lat' dir='ltr'>iudicatiloque</span> <span class='ocrx_word' id='word_1_88' title='bbox 911 798 1009 832; x_wconf 90' lang='lat' dir='ltr'>esto.</span> 
     </span>
    </p>

    <p class='ocr_par' dir='ltr' id='par_1_4' title="bbox 202 849 1925 2213">
     <span class='ocr_line' id='line_1_10' title="bbox 326 849 1925 915; baseline 0.001 -15"><span class='ocrx_word' id='word_1_89' title='bbox 326 859 497 901; x_wconf 72' lang='lat' dir='ltr'>Lxllffl.</span> <span class='ocrx_word' id='word_1_90' title='bbox 542 849 650 900; x_wconf 67' lang='lat' dir='ltr'>flviri</span> <span class='ocrx_word' id='word_1_91' title='bbox 683 860 925 912; x_wconf 85' lang='lat' dir='ltr'>quicumque</span> <span class='ocrx_word' id='word_1_92' title='bbox 956 866 1100 908; x_wconf 89' lang='lat' dir='ltr'>erunt,</span> <span class='ocrx_word' id='word_1_93' title='bbox 1132 860 1159 900; x_wconf 91' lang='lat' dir='ltr'>ii</span> <span class='ocrx_word' id='word_1_94' title='bbox 1189 849 1337 900; x_wconf 72' lang='lat' dir='ltr'>Hviri¹²</span> <span class='ocrx_word' id='word_1_95' title='bbox 1367 859 1408 899; x_wconf 92' lang='lat' dir='ltr'>in</span> <span class='ocrx_word' id='word_1_96' title='bbox 1431 872 1499 900; x_wconf 90' lang='lat' dir='ltr'>eos</span> <span class='ocrx_word' id='word_1_97' title='bbox 1529 860 1706 912; x_wconf 88' lang='lat' dir='ltr'>singulos</span> <span class='ocrx_word' id='word_1_98' title='bbox 1733 858 1738 915; x_wconf 98' lang='grc' dir='ltr'>Ι</span> <span class='ocrx_word' id='word_1_99' title='bbox 1765 861 1925 901; x_wconf 81' lang='lat' dir='ltr'><strong>lictores</strong></span> 
     </span>
     <span class='ocr_line' id='line_1_11' title="bbox 211 926 1923 984; baseline 0.001 -16"><span class='ocrx_word' id='word_1_100' title='bbox 211 928 340 977; x_wconf 88' lang='lat' dir='ltr'>binos,</span> <span class='ocrx_word' id='word_1_101' title='bbox 371 941 561 970; x_wconf 85' lang='lat' dir='ltr'>accensos</span> <span class='ocrx_word' id='word_1_102' title='bbox 590 929 738 981; x_wconf 75' lang='lat' dir='ltr'>sing-¹³,</span> <span class='ocrx_word' id='word_1_103' title='bbox 781 928 930 969; x_wconf 81' lang='lat' dir='ltr'><strong>scribas</strong></span> <span class='ocrx_word' id='word_1_104' title='bbox 961 926 1103 984; x_wconf 63' lang='lat' dir='ltr'>bilnos,</span> <span class='ocrx_word' id='word_1_105' title='bbox 1134 929 1303 969; x_wconf 87' lang='lat' dir='ltr'>viatores</span> <span class='ocrx_word' id='word_1_106' title='bbox 1333 928 1462 977; x_wconf 89' lang='lat' dir='ltr'>binos,</span> <span class='ocrx_word' id='word_1_107' title='bbox 1502 928 1719 978; x_wconf 87' lang='lat' dir='ltr'>librarium,</span> <span class='ocrx_word' id='word_1_108' title='bbox 1758 942 1923 982; x_wconf 86' lang='lat' dir='ltr'>praeco-</span> 
     </span>
     <span class='ocr_line' id='line_1_12' title="bbox 213 994 1922 1052; baseline 0.001 -15"><span class='ocrx_word' id='word_1_109' title='bbox 213 1010 326 1046; x_wconf 86' lang='lat' dir='ltr'>nem,</span> <span class='ocrx_word' id='word_1_110' title='bbox 368 998 375 1047; x_wconf 94' lang='grc' dir='ltr'>Ι</span> <span class='ocrx_word' id='word_1_111' title='bbox 416 997 688 1050; x_wconf 83' lang='lat' dir='ltr'>haruspicem,</span> <span class='ocrx_word' id='word_1_112' title='bbox 733 997 935 1037; x_wconf 85' lang='lat' dir='ltr'>tibicinem</span> <span class='ocrx_word' id='word_1_113' title='bbox 967 997 1113 1037; x_wconf 88' lang='lat' dir='ltr'>habere</span> <span class='ocrx_word' id='word_1_114' title='bbox 1146 997 1207 1038; x_wconf 92' lang='lat' dir='ltr'>ius</span> <span class='ocrx_word' id='word_1_115' title='bbox 1237 994 1503 1052; x_wconf 61' lang='lat' dir='ltr'>potestaslque</span> <span class='ocrx_word' id='word_1_116' title='bbox 1534 1002 1633 1038; x_wconf 87' lang='lat' dir='ltr'>esto.</span> <span class='ocrx_word' id='word_1_117' title='bbox 1694 997 1851 1050; x_wconf 82' lang='lat' dir='ltr'>Quique</span> <span class='ocrx_word' id='word_1_118' title='bbox 1881 998 1922 1038; x_wconf 88' lang='lat' dir='ltr'>in</span> 
     </span>
     <span class='ocr_line' id='line_1_13' title="bbox 210 1063 1923 1122; baseline 0.001 -17"><span class='ocrx_word' id='word_1_119' title='bbox 210 1079 254 1105; x_wconf 90' lang='lat' dir='ltr'>ea</span> <span class='ocrx_word' id='word_1_120' title='bbox 286 1066 441 1106; x_wconf 87' lang='lat' dir='ltr'>colonia</span> <span class='ocrx_word' id='word_1_121' title='bbox 472 1066 584 1106; x_wconf 87' lang='lat' dir='ltr'>aedil.</span> <span class='ocrx_word' id='word_1_122' title='bbox 617 1072 750 1110; x_wconf 82' lang='lat' dir='ltr'>erunt.</span> <span class='ocrx_word' id='word_1_123' title='bbox 777 1063 783 1119; x_wconf 98' lang='grc' dir='ltr'>Ι</span> <span class='ocrx_word' id='word_1_124' title='bbox 811 1066 857 1106; x_wconf 90' lang='lat' dir='ltr'>iis</span> <span class='ocrx_word' id='word_1_125' title='bbox 887 1065 1000 1105; x_wconf 88' lang='lat' dir='ltr'>aedil.</span> <span class='ocrx_word' id='word_1_126' title='bbox 1033 1066 1073 1105; x_wconf 90' lang='lat' dir='ltr'>in</span> <span class='ocrx_word' id='word_1_127' title='bbox 1096 1078 1164 1106; x_wconf 89' lang='lat' dir='ltr'>eos</span> <span class='ocrx_word' id='word_1_128' title='bbox 1194 1066 1306 1105; x_wconf 90' lang='lat' dir='ltr'>aedil.</span> <span class='ocrx_word' id='word_1_129' title='bbox 1328 1065 1430 1117; x_wconf 87' lang='lat' dir='ltr'>sing.</span> <span class='ocrx_word' id='word_1_130' title='bbox 1461 1065 1611 1106; x_wconf 83' lang='lat' dir='ltr'>scribas</span> <span class='ocrx_word' id='word_1_131' title='bbox 1631 1066 1746 1118; x_wconf 89' lang='lat' dir='ltr'>sing.,</span> <span class='ocrx_word' id='word_1_132' title='bbox 1777 1063 1923 1122; x_wconf 77' lang='lat' dir='ltr'>publi}-</span> 
     </span>
     <span class='ocr_line' id='line_1_14' title="bbox 210 1124 1923 1187; baseline 0.001 -13"><span class='ocrx_word' id='word_1_133' title='bbox 210 1147 278 1175; x_wconf 88' lang='lat' dir='ltr'>cos</span> <span class='ocrx_word' id='word_1_134' title='bbox 300 1147 390 1174; x_wconf 91' lang='lat' dir='ltr'>cum</span> <span class='ocrx_word' id='word_1_135' title='bbox 412 1133 543 1174; x_wconf 88' lang='lat' dir='ltr'>cincto</span> <span class='ocrx_word' id='word_1_136' title='bbox 565 1134 696 1174; x_wconf 78' lang='lat' dir='ltr'>limo¹⁴</span> <span class='ocrx_word' id='word_1_137' title='bbox 722 1124 818 1183; x_wconf 72' lang='lat' dir='ltr'>iffi,</span> <span class='ocrx_word' id='word_1_138' title='bbox 849 1146 1106 1186; x_wconf 82' lang='lat' dir='ltr'>praeconem,</span> <span class='ocrx_word' id='word_1_139' title='bbox 1137 1133 1421 1187; x_wconf 83' lang='lat' dir='ltr'>haruspilcem,</span> <span class='ocrx_word' id='word_1_140' title='bbox 1453 1134 1657 1175; x_wconf 90' lang='lat' dir='ltr'>tibicinem</span> <span class='ocrx_word' id='word_1_141' title='bbox 1687 1134 1833 1175; x_wconf 88' lang='lat' dir='ltr'>hahere</span> <span class='ocrx_word' id='word_1_142' title='bbox 1861 1135 1923 1176; x_wconf 87' lang='lat' dir='ltr'>ius</span> 
     </span>
     <span class='ocr_line' id='line_1_15' title="bbox 208 1202 1923 1257; baseline 0 -14"><span class='ocrx_word' id='word_1_143' title='bbox 208 1204 439 1256; x_wconf 75' lang='lat' dir='ltr'>potestaslq.</span> <span class='ocrx_word' id='word_1_144' title='bbox 472 1209 570 1243; x_wconf 85' lang='lat' dir='ltr'>esto.</span> <span class='ocrx_word' id='word_1_145' title='bbox 630 1203 689 1243; x_wconf 89' lang='lat' dir='ltr'>Ex</span> <span class='ocrx_word' id='word_1_146' title='bbox 720 1215 767 1243; x_wconf 92' lang='lat' dir='ltr'>eo</span> <span class='ocrx_word' id='word_1_147' title='bbox 801 1203 808 1257; x_wconf 94' lang='grc' dir='ltr'>Ι</span> <span class='ocrx_word' id='word_1_148' title='bbox 846 1214 1025 1251; x_wconf 90' lang='lat' dir='ltr'>numero,</span> <span class='ocrx_word' id='word_1_149' title='bbox 1062 1202 1130 1255; x_wconf 90' lang='lat' dir='ltr'>qui</span> <span class='ocrx_word' id='word_1_150' title='bbox 1170 1202 1255 1242; x_wconf 89' lang='lat' dir='ltr'>eius</span> <span class='ocrx_word' id='word_1_151' title='bbox 1293 1203 1473 1243; x_wconf 88' lang='lat' dir='ltr'>coloniae</span> <span class='ocrx_word' id='word_1_152' title='bbox 1504 1203 1635 1243; x_wconf 91' lang='lat' dir='ltr'>coloni</span> <span class='ocrx_word' id='word_1_153' title='bbox 1673 1211 1812 1251; x_wconf 88' lang='lat' dir='ltr'>erunt,</span> <span class='ocrx_word' id='word_1_154' title='bbox 1852 1204 1923 1243; x_wconf 91' lang='lat' dir='ltr'>ha-</span> 
     </span>
     <span class='ocr_line' id='line_1_16' title="bbox 208 1261 1922 1326; baseline 0.001 -15"><span class='ocrx_word' id='word_1_155' title='bbox 208 1268 325 1326; x_wconf 68' lang='lat' dir='ltr'>belto.</span> <span class='ocrx_word' id='word_1_156' title='bbox 389 1271 519 1323; x_wconf 90' lang='lat' dir='ltr'>lisque</span> <span class='ocrx_word' id='word_1_157' title='bbox 550 1261 656 1311; x_wconf 65' lang='lat' dir='ltr'>l—lvir.</span> <span class='ocrx_word' id='word_1_158' title='bbox 686 1271 969 1323; x_wconf 83' lang='lat' dir='ltr'>aedilibusque,</span> <span class='ocrx_word' id='word_1_159' title='bbox 1001 1271 1093 1310; x_wconf 88' lang='lat' dir='ltr'>dum</span> <span class='ocrx_word' id='word_1_160' title='bbox 1123 1283 1214 1311; x_wconf 91' lang='lat' dir='ltr'>eum</span> <span class='ocrx_word' id='word_1_161' title='bbox 1245 1271 1377 1322; x_wconf 88' lang='lat' dir='ltr'>mag.¹⁵</span> <span class='ocrx_word' id='word_1_162' title='bbox 1407 1269 1635 1326; x_wconf 68' lang='lat' dir='ltr'>habelbunt,</span> <span class='ocrx_word' id='word_1_163' title='bbox 1666 1277 1778 1324; x_wconf 86' lang='lat' dir='ltr'>togas</span> <span class='ocrx_word' id='word_1_164' title='bbox 1807 1284 1922 1324; x_wconf 87' lang='lat' dir='ltr'>prae-</span> 
     </span>
     <span class='ocr_line' id='line_1_17' title="bbox 208 1335 1922 1395; baseline 0 -15"><span class='ocrx_word' id='word_1_165' title='bbox 208 1346 347 1388; x_wconf 84' lang='lat' dir='ltr'>textas,</span> <span class='ocrx_word' id='word_1_166' title='bbox 378 1339 544 1392; x_wconf 88' lang='lat' dir='ltr'>funalia,</span> <span class='ocrx_word' id='word_1_167' title='bbox 581 1351 719 1380; x_wconf 88' lang='lat' dir='ltr'>cereos</span> <span class='ocrx_word' id='word_1_168' title='bbox 748 1335 906 1395; x_wconf 73' lang='lat' dir='ltr'>halbere</span> <span class='ocrx_word' id='word_1_169' title='bbox 937 1339 997 1379; x_wconf 93' lang='lat' dir='ltr'>ius</span> <span class='ocrx_word' id='word_1_170' title='bbox 1028 1345 1241 1392; x_wconf 84' lang='lat' dir='ltr'>potestasq.</span> <span class='ocrx_word' id='word_1_171' title='bbox 1272 1345 1369 1379; x_wconf 90' lang='lat' dir='ltr'>esto.</span> <span class='ocrx_word' id='word_1_172' title='bbox 1431 1339 1540 1386; x_wconf 88' lang='lat' dir='ltr'>Quos</span> <span class='ocrx_word' id='word_1_173' title='bbox 1571 1339 1740 1391; x_wconf 91' lang='lat' dir='ltr'>quisque</span> <span class='ocrx_word' id='word_1_174' title='bbox 1771 1337 1922 1395; x_wconf 74' lang='lat' dir='ltr'>eo&#39;rum</span> 
     </span>
     <span class='ocr_line' id='line_1_18' title="bbox 209 1406 1923 1462; baseline 0.001 -15"><span class='ocrx_word' id='word_1_175' title='bbox 209 1409 259 1447; x_wconf 83' lang='lat' dir='ltr'>ita</span> <span class='ocrx_word' id='word_1_176' title='bbox 292 1408 442 1448; x_wconf 90' lang='lat' dir='ltr'>scribas</span> <span class='ocrx_word' id='word_1_177' title='bbox 472 1408 631 1448; x_wconf 89' lang='lat' dir='ltr'>lictores</span> <span class='ocrx_word' id='word_1_178' title='bbox 669 1420 860 1448; x_wconf 88' lang='lat' dir='ltr'>accensos</span> <span class='ocrx_word' id='word_1_179' title='bbox 890 1407 1076 1447; x_wconf 88' lang='lat' dir='ltr'>viatorem</span> <span class='ocrx_word' id='word_1_180' title='bbox 1113 1406 1118 1462; x_wconf 88' lang='grc' dir='ltr'>Ι</span> <span class='ocrx_word' id='word_1_181' title='bbox 1159 1407 1361 1447; x_wconf 89' lang='lat' dir='ltr'>tibicinem</span> <span class='ocrx_word' id='word_1_182' title='bbox 1392 1407 1641 1459; x_wconf 87' lang='lat' dir='ltr'>haruspicem</span> <span class='ocrx_word' id='word_1_183' title='bbox 1681 1419 1923 1459; x_wconf 88' lang='lat' dir='ltr'>praeconem</span> 
     </span>
     <span class='ocr_line' id='line_1_19' title="bbox 208 1473 1922 1529; baseline 0 -13"><span class='ocrx_word' id='word_1_184' title='bbox 208 1475 385 1524; x_wconf 85' lang='lat' dir='ltr'>habehit,</span> <span class='ocrx_word' id='word_1_185' title='bbox 416 1476 463 1516; x_wconf 89' lang='lat' dir='ltr'>iis</span> <span class='ocrx_word' id='word_1_186' title='bbox 488 1475 495 1529; x_wconf 98' lang='grc' dir='ltr'>Ι</span> <span class='ocrx_word' id='word_1_187' title='bbox 524 1476 708 1516; x_wconf 90' lang='lat' dir='ltr'>omnibus</span> <span class='ocrx_word' id='word_1_188' title='bbox 730 1489 777 1516; x_wconf 93' lang='lat' dir='ltr'>eo</span> <span class='ocrx_word' id='word_1_189' title='bbox 806 1488 925 1523; x_wconf 84' lang='lat' dir='ltr'>anno,</span> <span class='ocrx_word' id='word_1_190' title='bbox 958 1488 1037 1528; x_wconf 89' lang='lat' dir='ltr'>quo</span> <span class='ocrx_word' id='word_1_191' title='bbox 1068 1488 1174 1515; x_wconf 89' lang='lat' dir='ltr'>anno</span> <span class='ocrx_word' id='word_1_192' title='bbox 1205 1475 1373 1527; x_wconf 88' lang='lat' dir='ltr'>quisque</span> <span class='ocrx_word' id='word_1_193' title='bbox 1404 1487 1542 1515; x_wconf 91' lang='lat' dir='ltr'>eorum</span> <span class='ocrx_word' id='word_1_194' title='bbox 1568 1473 1575 1528; x_wconf 99' lang='grc' dir='ltr'>Ι</span> <span class='ocrx_word' id='word_1_195' title='bbox 1601 1475 1821 1528; x_wconf 86' lang='lat' dir='ltr'>apparebit,</span> <span class='ocrx_word' id='word_1_196' title='bbox 1851 1477 1922 1516; x_wconf 93' lang='lat' dir='ltr'>mi-</span> 
     </span>
     <span class='ocr_line' id='line_1_20' title="bbox 207 1541 1920 1598; baseline 0.001 -15"><span class='ocrx_word' id='word_1_197' title='bbox 207 1544 314 1584; x_wconf 87' lang='lat' dir='ltr'>litiae</span> <span class='ocrx_word' id='word_1_198' title='bbox 358 1545 506 1584; x_wconf 84' lang='lat' dir='ltr'>vacatio</span> <span class='ocrx_word' id='word_1_199' title='bbox 548 1551 644 1592; x_wconf 84' lang='lat' dir='ltr'>esto,</span> <span class='ocrx_word' id='word_1_200' title='bbox 686 1557 782 1584; x_wconf 87' lang='lat' dir='ltr'>neve</span> <span class='ocrx_word' id='word_1_201' title='bbox 814 1544 901 1596; x_wconf 88' lang='lat' dir='ltr'>quis</span> <span class='ocrx_word' id='word_1_202' title='bbox 940 1541 1043 1598; x_wconf 71' lang='lat' dir='ltr'>elum</span> <span class='ocrx_word' id='word_1_203' title='bbox 1074 1556 1121 1583; x_wconf 95' lang='lat' dir='ltr'>eo</span> <span class='ocrx_word' id='word_1_204' title='bbox 1153 1555 1272 1591; x_wconf 88' lang='lat' dir='ltr'>anno,</span> <span class='ocrx_word' id='word_1_205' title='bbox 1313 1555 1392 1595; x_wconf 93' lang='lat' dir='ltr'>quo</span> <span class='ocrx_word' id='word_1_206' title='bbox 1428 1543 1562 1595; x_wconf 81' lang='lat' dir='ltr'>mag.¹&#39;’</span> <span class='ocrx_word' id='word_1_207' title='bbox 1597 1543 1819 1595; x_wconf 86' lang='lat' dir='ltr'>apparebit,</span> <span class='ocrx_word' id='word_1_208' title='bbox 1859 1544 1920 1584; x_wconf 86' lang='lat' dir='ltr'>in-</span> 
     </span>
     <span class='ocr_line' id='line_1_21' title="bbox 208 1608 1921 1666; baseline 0.001 -15"><span class='ocrx_word' id='word_1_209' title='bbox 208 1612 331 1652; x_wconf 91' lang='lat' dir='ltr'>vitum</span> <span class='ocrx_word' id='word_1_210' title='bbox 367 1610 372 1666; x_wconf 99' lang='grc' dir='ltr'>Ι</span> <span class='ocrx_word' id='word_1_211' title='bbox 408 1613 571 1654; x_wconf 88' lang='lat' dir='ltr'>militem</span> <span class='ocrx_word' id='word_1_212' title='bbox 603 1614 720 1654; x_wconf 84' lang='lat' dir='ltr'>facito</span> <span class='ocrx_word' id='word_1_213' title='bbox 762 1625 860 1652; x_wconf 89' lang='lat' dir='ltr'>neve</span> <span class='ocrx_word' id='word_1_214' title='bbox 890 1613 976 1653; x_wconf 86' lang='lat' dir='ltr'>fieri</span> <span class='ocrx_word' id='word_1_215' title='bbox 1007 1611 1142 1652; x_wconf 88' lang='lat' dir='ltr'>iubeto</span> <span class='ocrx_word' id='word_1_216' title='bbox 1184 1623 1282 1651; x_wconf 92' lang='lat' dir='ltr'>neve</span> <span class='ocrx_word' id='word_1_217' title='bbox 1312 1623 1403 1650; x_wconf 91' lang='lat' dir='ltr'>eum</span> <span class='ocrx_word' id='word_1_218' title='bbox 1437 1608 1443 1665; x_wconf 90' lang='grc' dir='ltr'>Ι</span> <span class='ocrx_word' id='word_1_219' title='bbox 1479 1611 1609 1663; x_wconf 89' lang='lat' dir='ltr'>cogito</span> <span class='ocrx_word' id='word_1_220' title='bbox 1641 1624 1739 1652; x_wconf 91' lang='lat' dir='ltr'>neve</span> <span class='ocrx_word' id='word_1_221' title='bbox 1770 1612 1832 1653; x_wconf 90' lang='lat' dir='ltr'>ius</span> <span class='ocrx_word' id='word_1_222' title='bbox 1859 1612 1921 1654; x_wconf 94' lang='lat' dir='ltr'>iu-</span> 
     </span>
     <span class='ocr_line' id='line_1_22' title="bbox 213 1677 1922 1736; baseline 0.001 -16"><span class='ocrx_word' id='word_1_223' title='bbox 213 1681 381 1720; x_wconf 88' lang='lat' dir='ltr'>randum</span> <span class='ocrx_word' id='word_1_224' title='bbox 414 1681 560 1734; x_wconf 83' lang='lat' dir='ltr'>adigito</span> <span class='ocrx_word' id='word_1_225' title='bbox 602 1695 699 1722; x_wconf 90' lang='lat' dir='ltr'>neve</span> <span class='ocrx_word' id='word_1_226' title='bbox 730 1679 844 1736; x_wconf 65' lang='lat' dir='ltr'>aldigi</span> <span class='ocrx_word' id='word_1_227' title='bbox 876 1681 1009 1721; x_wconf 90' lang='lat' dir='ltr'>iubeto</span> <span class='ocrx_word' id='word_1_228' title='bbox 1047 1693 1144 1720; x_wconf 87' lang='lat' dir='ltr'>neve</span> <span class='ocrx_word' id='word_1_229' title='bbox 1174 1686 1421 1720; x_wconf 84' lang='lat' dir='ltr'>sacramento</span> <span class='ocrx_word' id='word_1_230' title='bbox 1456 1686 1593 1731; x_wconf 85' lang='lat' dir='ltr'>rogato</span> <span class='ocrx_word' id='word_1_231' title='bbox 1625 1692 1723 1720; x_wconf 90' lang='lat' dir='ltr'>neve</span> <span class='ocrx_word' id='word_1_232' title='bbox 1750 1677 1757 1734; x_wconf 96' lang='grc' dir='ltr'>Ι</span> <span class='ocrx_word' id='word_1_233' title='bbox 1790 1682 1922 1734; x_wconf 86' lang='lat' dir='ltr'>rogari</span> 
     </span>
     <span class='ocr_line' id='line_1_23' title="bbox 207 1745 1921 1804; baseline 0.001 -16"><span class='ocrx_word' id='word_1_234' title='bbox 207 1748 364 1797; x_wconf 88' lang='lat' dir='ltr'>iubeto,</span> <span class='ocrx_word' id='word_1_235' title='bbox 410 1750 486 1790; x_wconf 89' lang='lat' dir='ltr'>nisi</span> <span class='ocrx_word' id='word_1_236' title='bbox 531 1750 723 1790; x_wconf 89' lang='lat' dir='ltr'>tumultus</span> <span class='ocrx_word' id='word_1_237' title='bbox 768 1749 892 1789; x_wconf 86' lang='lat' dir='ltr'>Italici</span> <span class='ocrx_word' id='word_1_238' title='bbox 938 1745 1139 1804; x_wconf 69' lang='lat' dir='ltr'>Gallicilve</span> <span class='ocrx_word' id='word_1_239' title='bbox 1185 1759 1310 1790; x_wconf 85' lang='lat' dir='ltr'>causa.</span> <span class='ocrx_word' id='word_1_240' title='bbox 1379 1747 1528 1799; x_wconf 92' lang='lat' dir='ltr'>Eisque</span> <span class='ocrx_word' id='word_1_241' title='bbox 1570 1760 1722 1789; x_wconf 89' lang='lat' dir='ltr'>merces</span> <span class='ocrx_word' id='word_1_242' title='bbox 1765 1748 1807 1789; x_wconf 91' lang='lat' dir='ltr'>in</span> <span class='ocrx_word' id='word_1_243' title='bbox 1853 1762 1921 1790; x_wconf 90' lang='lat' dir='ltr'>eos</span> 
     </span>
     <span class='ocr_line' id='line_1_24' title="bbox 207 1808 1921 1874; baseline 0.001 -18"><span class='ocrx_word' id='word_1_244' title='bbox 207 1817 365 1868; x_wconf 71' lang='lat' dir='ltr'>singuh,</span> <span class='ocrx_word' id='word_1_245' title='bbox 397 1818 463 1870; x_wconf 92' lang='lat' dir='ltr'>qui</span> <span class='ocrx_word' id='word_1_246' title='bbox 495 1808 642 1874; x_wconf 63' lang='lat' dir='ltr'>I—Iviffris</span> <span class='ocrx_word' id='word_1_247' title='bbox 673 1817 935 1870; x_wconf 84' lang='lat' dir='ltr'>apparebunt,</span> <span class='ocrx_word' id='word_1_248' title='bbox 966 1823 1076 1857; x_wconf 88' lang='lat' dir='ltr'>tanta</span> <span class='ocrx_word' id='word_1_249' title='bbox 1107 1814 1249 1856; x_wconf 84' lang='lat' dir='ltr'>esto¹⁷:</span> <span class='ocrx_word' id='word_1_250' title='bbox 1280 1815 1320 1856; x_wconf 90' lang='lat' dir='ltr'>in</span> <span class='ocrx_word' id='word_1_251' title='bbox 1342 1816 1493 1856; x_wconf 85' lang='lat' dir='ltr'>scribas</span> <span class='ocrx_word' id='word_1_252' title='bbox 1523 1816 1624 1867; x_wconf 84' lang='lat' dir='ltr'>sing.</span> <span class='ocrx_word' id='word_1_253' title='bbox 1651 1815 1659 1870; x_wconf 98' lang='grc' dir='ltr'>Ι</span> <span class='ocrx_word' id='word_1_254' title='bbox 1686 1815 1921 1867; x_wconf 66' lang='lat' dir='ltr'>H-SoeCQ</span> 
     </span>
     <span class='ocr_line' id='line_1_25' title="bbox 208 1882 1920 1938; baseline 0.001 -13"><span class='ocrx_word' id='word_1_255' title='bbox 208 1885 250 1925; x_wconf 92' lang='lat' dir='ltr'>in</span> <span class='ocrx_word' id='word_1_256' title='bbox 283 1898 473 1926; x_wconf 88' lang='lat' dir='ltr'>accensos</span> <span class='ocrx_word' id='word_1_257' title='bbox 503 1887 606 1938; x_wconf 87' lang='lat' dir='ltr'>sing.</span> <span class='ocrx_word' id='word_1_258' title='bbox 636 1883 706 1926; x_wconf 70' lang='lat' dir='ltr'>HS-</span> <span class='ocrx_word' id='word_1_259' title='bbox 726 1885 842 1934; x_wconf 90' lang='lat' dir='ltr'>DCC,</span> <span class='ocrx_word' id='word_1_260' title='bbox 886 1886 926 1925; x_wconf 90' lang='lat' dir='ltr'>in</span> <span class='ocrx_word' id='word_1_261' title='bbox 958 1886 1117 1925; x_wconf 84' lang='lat' dir='ltr'>lictores</span> <span class='ocrx_word' id='word_1_262' title='bbox 1151 1883 1158 1938; x_wconf 95' lang='grc' dir='ltr'>Ι</span> <span class='ocrx_word' id='word_1_263' title='bbox 1192 1884 1293 1936; x_wconf 87' lang='lat' dir='ltr'>sing.</span> <span class='ocrx_word' id='word_1_264' title='bbox 1317 1882 1497 1932; x_wconf 77' lang='lat' dir='ltr'>-Hs-DC,</span> <span class='ocrx_word' id='word_1_265' title='bbox 1542 1884 1582 1923; x_wconf 90' lang='lat' dir='ltr'>in</span> <span class='ocrx_word' id='word_1_266' title='bbox 1614 1884 1784 1925; x_wconf 90' lang='lat' dir='ltr'>viatores</span> <span class='ocrx_word' id='word_1_267' title='bbox 1818 1885 1920 1937; x_wconf 88' lang='lat' dir='ltr'>sing.</span> 
     </span>
     <span class='ocr_line' id='line_1_26' title="bbox 202 1950 1921 2010; baseline 0 -16"><span class='ocrx_word' id='word_1_268' title='bbox 202 1953 274 1995; x_wconf 67' lang='lat' dir='ltr'>HS</span> <span class='ocrx_word' id='word_1_269' title='bbox 296 1953 438 2003; x_wconf 88' lang='lat' dir='ltr'>CCCC,</span> <span class='ocrx_word' id='word_1_270' title='bbox 485 1955 525 1995; x_wconf 90' lang='lat' dir='ltr'>in</span> <span class='ocrx_word' id='word_1_271' title='bbox 558 1952 753 2010; x_wconf 60' lang='lat' dir='ltr'>librafrios</span> <span class='ocrx_word' id='word_1_272' title='bbox 783 1954 881 2006; x_wconf 87' lang='lat' dir='ltr'>sing.</span> <span class='ocrx_word' id='word_1_273' title='bbox 916 1953 983 1995; x_wconf 63' lang='lat' dir='ltr'>Hs</span> <span class='ocrx_word' id='word_1_274' title='bbox 1004 1953 1113 2001; x_wconf 84' lang='lat' dir='ltr'>CCC,</span> <span class='ocrx_word' id='word_1_275' title='bbox 1153 1954 1194 1993; x_wconf 94' lang='lat' dir='ltr'>in</span> <span class='ocrx_word' id='word_1_276' title='bbox 1226 1952 1456 2005; x_wconf 87' lang='lat' dir='ltr'>haruspices</span> <span class='ocrx_word' id='word_1_277' title='bbox 1485 1952 1586 2005; x_wconf 86' lang='lat' dir='ltr'>sing.</span> <span class='ocrx_word' id='word_1_278' title='bbox 1616 1950 1686 1993; x_wconf 66' lang='lat' dir='ltr'>Hs</span> <span class='ocrx_word' id='word_1_279' title='bbox 1706 1953 1752 2000; x_wconf 88' lang='lat' dir='ltr'>D,</span> <span class='ocrx_word' id='word_1_280' title='bbox 1790 1950 1921 2009; x_wconf 73' lang='lat' dir='ltr'>prae}-</span> 
     </span>
     <span class='ocr_line' id='line_1_27' title="bbox 209 2019 1919 2076; baseline 0 -14"><span class='ocrx_word' id='word_1_281' title='bbox 209 2022 302 2062; x_wconf 93' lang='lat' dir='ltr'>coni</span> <span class='ocrx_word' id='word_1_282' title='bbox 326 2021 532 2073; x_wconf 54' lang='lat' dir='ltr'>‹fl-Sec&amp;</span> <span class='ocrx_word' id='word_1_283' title='bbox 584 2025 650 2076; x_wconf 92' lang='lat' dir='ltr'>qui</span> <span class='ocrx_word' id='word_1_284' title='bbox 690 2022 846 2064; x_wconf 86' lang='lat' dir='ltr'>aedilib.</span> <span class='ocrx_word' id='word_1_285' title='bbox 878 2022 1116 2075; x_wconf 86' lang='lat' dir='ltr'>appareb.¹⁸:</span> <span class='ocrx_word' id='word_1_286' title='bbox 1166 2022 1206 2062; x_wconf 92' lang='lat' dir='ltr'>in</span> <span class='ocrx_word' id='word_1_287' title='bbox 1239 2021 1390 2062; x_wconf 84' lang='lat' dir='ltr'>scribas</span> <span class='ocrx_word' id='word_1_288' title='bbox 1426 2019 1431 2074; x_wconf 98' lang='grc' dir='ltr'>Ι</span> <span class='ocrx_word' id='word_1_289' title='bbox 1467 2021 1569 2073; x_wconf 87' lang='lat' dir='ltr'>sing.</span> <span class='ocrx_word' id='word_1_290' title='bbox 1599 2020 1667 2061; x_wconf 74' lang='lat' dir='ltr'>HS</span> <span class='ocrx_word' id='word_1_291' title='bbox 1688 2020 1834 2071; x_wconf 90' lang='lat' dir='ltr'>DCCC,</span> <span class='ocrx_word' id='word_1_292' title='bbox 1878 2021 1919 2062; x_wconf 93' lang='lat' dir='ltr'>in</span> 
     </span>
     <span class='ocr_line' id='line_1_28' title="bbox 209 2088 1920 2147; baseline 0.001 -18"><span class='ocrx_word' id='word_1_293' title='bbox 209 2090 440 2143; x_wconf 90' lang='lat' dir='ltr'>haruspices</span> <span class='ocrx_word' id='word_1_294' title='bbox 470 2092 570 2143; x_wconf 87' lang='lat' dir='ltr'>sing.</span> <span class='ocrx_word' id='word_1_295' title='bbox 599 2091 771 2138; x_wconf 77' lang='lat' dir='ltr'>HSC¹⁹‚</span> <span class='ocrx_word' id='word_1_296' title='bbox 812 2092 852 2131; x_wconf 90' lang='lat' dir='ltr'>in</span> <span class='ocrx_word' id='word_1_297' title='bbox 884 2089 1080 2147; x_wconf 74' lang='lat' dir='ltr'>tiflbicines</span> <span class='ocrx_word' id='word_1_298' title='bbox 1111 2088 1465 2143; x_wconf 62' lang='lat' dir='ltr'>singutiaffiCCC,</span> <span class='ocrx_word' id='word_1_299' title='bbox 1497 2090 1537 2129; x_wconf 91' lang='lat' dir='ltr'>in</span> <span class='ocrx_word' id='word_1_300' title='bbox 1570 2101 1790 2141; x_wconf 86' lang='lat' dir='ltr'>praecones</span> <span class='ocrx_word' id='word_1_301' title='bbox 1819 2089 1920 2142; x_wconf 82' lang='lat' dir='ltr'>sing.</span> 
     </span>
     <span class='ocr_line' id='line_1_29' title="bbox 212 2157 1104 2213; baseline -0.001 -13"><span class='ocrx_word' id='word_1_302' title='bbox 212 2157 286 2200; x_wconf 71' lang='lat' dir='ltr'>HS</span> <span class='ocrx_word' id='word_1_303' title='bbox 307 2158 410 2199; x_wconf 91' lang='lat' dir='ltr'>CCC.</span> <span class='ocrx_word' id='word_1_304' title='bbox 439 2157 444 2213; x_wconf 94' lang='grc' dir='ltr'>Ι</span> <span class='ocrx_word' id='word_1_305' title='bbox 472 2160 561 2199; x_wconf 83' lang='lat' dir='ltr'>Iis²⁰</span> <span class='ocrx_word' id='word_1_306' title='bbox 595 2173 626 2200; x_wconf 91' lang='lat' dir='ltr'>s.</span> <span class='ocrx_word' id='word_1_307' title='bbox 657 2160 684 2199; x_wconf 85' lang='lat' dir='ltr'>f.</span> <span class='ocrx_word' id='word_1_308' title='bbox 716 2158 766 2199; x_wconf 84' lang='lat' dir='ltr'>s.2</span> <span class='ocrx_word' id='word_1_309' title='bbox 798 2159 944 2212; x_wconf 87' lang='lat' dir='ltr'>kapere</span> <span class='ocrx_word' id='word_1_310' title='bbox 974 2159 1104 2199; x_wconf 87' lang='lat' dir='ltr'>liceto.</span> 
     </span>
    </p>

    <p class='ocr_par' dir='ltr' id='par_1_5' title="bbox 210 2218 1921 2418">
     <span class='ocr_line' id='line_1_30' title="bbox 325 2218 1920 2280; baseline 0 -14"><span class='ocrx_word' id='word_1_311' title='bbox 325 2226 460 2267; x_wconf 87' lang='lat' dir='ltr'>LXIII.</span> <span class='ocrx_word' id='word_1_312' title='bbox 519 2218 650 2277; x_wconf 70' lang='lat' dir='ltr'>slviri,</span> <span class='ocrx_word' id='word_1_313' title='bbox 691 2228 759 2279; x_wconf 91' lang='lat' dir='ltr'>qui</span> <span class='ocrx_word' id='word_1_314' title='bbox 799 2227 917 2280; x_wconf 87' lang='lat' dir='ltr'>primi</span> <span class='ocrx_word' id='word_1_315' title='bbox 953 2227 1000 2267; x_wconf 88' lang='lat' dir='ltr'>ad</span> <span class='ocrx_word' id='word_1_316' title='bbox 1040 2239 1101 2280; x_wconf 91' lang='lat' dir='ltr'>pr.</span> <span class='ocrx_word' id='word_1_317' title='bbox 1142 2227 1180 2267; x_wconf 85' lang='lat' dir='ltr'>k.</span> <span class='ocrx_word' id='word_1_318' title='bbox 1211 2226 1367 2267; x_wconf 89' lang='lat' dir='ltr'>Ianuar.</span> <span class='ocrx_word' id='word_1_319' title='bbox 1407 2238 1508 2277; x_wconf 84' lang='lat' dir='ltr'>mag.</span> <span class='ocrx_word' id='word_1_320' title='bbox 1540 2224 1761 2274; x_wconf 88' lang='lat' dir='ltr'>habebunt,</span> <span class='ocrx_word' id='word_1_321' title='bbox 1799 2237 1920 2279; x_wconf 89' lang='lat' dir='ltr'>appa-</span> 
     </span>
     <span class='ocr_line' id='line_1_31' title="bbox 210 2291 1921 2350; baseline -0.001 -15"><span class='ocrx_word' id='word_1_322' title='bbox 210 2293 369 2350; x_wconf 75' lang='lat' dir='ltr'>riltores</span> <span class='ocrx_word' id='word_1_323' title='bbox 399 2296 562 2336; x_wconf 86' lang='lat' dir='ltr'>totidem</span> <span class='ocrx_word' id='word_1_324' title='bbox 593 2296 781 2345; x_wconf 86' lang='lat' dir='ltr'>habento,</span> <span class='ocrx_word' id='word_1_325' title='bbox 812 2293 955 2348; x_wconf 67' lang='lat' dir='ltr'>2²sing.</span> <span class='ocrx_word' id='word_1_326' title='bbox 987 2296 1233 2348; x_wconf 86' lang='lat' dir='ltr'>apparitores</span> <span class='ocrx_word' id='word_1_327' title='bbox 1262 2307 1310 2334; x_wconf 86' lang='lat' dir='ltr'>ex</span> <span class='ocrx_word' id='word_1_328' title='bbox 1340 2295 1379 2334; x_wconf 94' lang='lat' dir='ltr'>h.</span> <span class='ocrx_word' id='word_1_329' title='bbox 1400 2294 1425 2333; x_wconf 89' lang='lat' dir='ltr'>l.</span> <span class='ocrx_word' id='word_1_330' title='bbox 1449 2291 1604 2347; x_wconf 63' lang='lat' dir='ltr'>halbere</span> <span class='ocrx_word' id='word_1_331' title='bbox 1633 2291 1803 2334; x_wconf 81' lang='lat' dir='ltr'>liceto²².</span> <span class='ocrx_word' id='word_1_332' title='bbox 1850 2293 1921 2334; x_wconf 90' lang='lat' dir='ltr'>Iis-</span> 
     </span>
     <span class='ocr_line' id='line_1_32' title="bbox 212 2361 1920 2418; baseline -0.001 -15"><span class='ocrx_word' id='word_1_333' title='bbox 212 2376 288 2415; x_wconf 89' lang='lat' dir='ltr'>que</span> <span class='ocrx_word' id='word_1_334' title='bbox 319 2364 574 2417; x_wconf 88' lang='lat' dir='ltr'>apparitorib.</span> <span class='ocrx_word' id='word_1_335' title='bbox 607 2378 758 2405; x_wconf 88' lang='lat' dir='ltr'>merces</span> <span class='ocrx_word' id='word_1_336' title='bbox 797 2371 903 2404; x_wconf 85' lang='lat' dir='ltr'>tanta</span> <span class='ocrx_word' id='word_1_337' title='bbox 935 2371 1033 2413; x_wconf 87' lang='lat' dir='ltr'>esto,</span> <span class='ocrx_word' id='word_1_338' title='bbox 1069 2361 1074 2418; x_wconf 99' lang='grc' dir='ltr'>Ι</span> <span class='ocrx_word' id='word_1_339' title='bbox 1112 2371 1297 2416; x_wconf 88' lang='lat' dir='ltr'>quantam</span> <span class='ocrx_word' id='word_1_340' title='bbox 1329 2375 1414 2409; x_wconf 88' lang='lat' dir='ltr'>esse</span> <span class='ocrx_word' id='word_1_341' title='bbox 1445 2367 1666 2414; x_wconf 89' lang='lat' dir='ltr'>oporteret,</span> <span class='ocrx_word' id='word_1_342' title='bbox 1705 2362 1739 2402; x_wconf 91' lang='lat' dir='ltr'>si</span> <span class='ocrx_word' id='word_1_343' title='bbox 1767 2367 1920 2415; x_wconf 83' lang='lat' dir='ltr'>partem</span> 
     </span>
    </p>
   </div>
   <div class='ocr_carea' id='block_1_4' title="bbox 211 2462 1921 3132">
    <p class='ocr_par' dir='ltr' id='par_1_6' title="bbox 211 2462 1921 3132">
     <span class='ocr_line' id='line_1_33' title="bbox 329 2462 1918 2509; baseline -0.003 -8"><span class='ocrx_word' id='word_1_344' title='bbox 329 2468 360 2509; x_wconf 90' lang='lat'>1)</span> <span class='ocrx_word' id='word_1_345' title='bbox 388 2466 441 2507; x_wconf 77' lang='lat' dir='ltr'>Cf.</span> <span class='ocrx_word' id='word_1_346' title='bbox 466 2466 544 2501; x_wconf 84' lang='lat' dir='ltr'>Gai.</span> <span class='ocrx_word' id='word_1_347' title='bbox 560 2468 592 2509; x_wconf 79' lang='lat'>4,</span> <span class='ocrx_word' id='word_1_348' title='bbox 607 2467 664 2500; x_wconf 74' lang='grc'>24.</span> <span class='ocrx_word' id='word_1_349' title='bbox 711 2467 764 2499; x_wconf 84' lang='lat' dir='ltr'>De</span> <span class='ocrx_word' id='word_1_350' title='bbox 787 2468 893 2499; x_wconf 75' lang='lat' dir='ltr'>rebus</span> <span class='ocrx_word' id='word_1_351' title='bbox 916 2467 956 2499; x_wconf 85' lang='lat' dir='ltr'>in</span> <span class='ocrx_word' id='word_1_352' title='bbox 980 2467 1047 2499; x_wconf 79' lang='grc' dir='ltr'><em>Ιιοο</em></span> <span class='ocrx_word' id='word_1_353' title='bbox 1071 2467 1188 2509; x_wconf 76' lang='lat' dir='ltr'>capite</span> <span class='ocrx_word' id='word_1_354' title='bbox 1209 2465 1416 2498; x_wconf 72' lang='lat' dir='ltr'>memoratis</span> <span class='ocrx_word' id='word_1_355' title='bbox 1439 2466 1590 2507; x_wconf 76' lang='lat' dir='ltr'>egerunt</span> <span class='ocrx_word' id='word_1_356' title='bbox 1611 2463 1805 2497; x_wconf 78' lang='lat' dir='ltr'>Mommsen</span> <span class='ocrx_word' id='word_1_357' title='bbox 1827 2462 1918 2506; x_wconf 80' lang='grc' dir='ltr'><strong><em>ΕρΙι.</em></strong></span> 
     </span>
     <span class='ocr_line' id='line_1_34' title="bbox 212 2517 1921 2566; baseline -0.002 -11"><span class='ocrx_word' id='word_1_358' title='bbox 212 2533 264 2564; x_wconf 79' lang='lat' dir='ltr'>ep.</span> <span class='ocrx_word' id='word_1_359' title='bbox 280 2524 306 2556; x_wconf 76' lang='lat'><strong><em>5</em></strong></span> <span class='ocrx_word' id='word_1_360' title='bbox 324 2534 363 2565; x_wconf 81' lang='lat' dir='ltr'>p.</span> <span class='ocrx_word' id='word_1_361' title='bbox 380 2523 464 2566; x_wconf 79' lang='lat'>409,·</span> <span class='ocrx_word' id='word_1_362' title='bbox 489 2524 616 2556; x_wconf 73' lang='lat' dir='ltr'>Eoener</span> <span class='ocrx_word' id='word_1_363' title='bbox 639 2523 816 2557; x_wconf 73' lang='lat' dir='ltr'>Zeitseltr.</span> <span class='ocrx_word' id='word_1_364' title='bbox 833 2522 862 2563; x_wconf 79' lang='lat' dir='ltr'>f.</span> <span class='ocrx_word' id='word_1_365' title='bbox 880 2522 1125 2566; x_wconf 67' lang='lat' dir='ltr'>Rechtsgesch.</span> <span class='ocrx_word' id='word_1_366' title='bbox 1143 2523 1198 2565; x_wconf 73' lang='lat'>43,</span> <span class='ocrx_word' id='word_1_367' title='bbox 1221 2522 1308 2556; x_wconf 77' lang='lat'><strong><em>4878</em></strong></span> <span class='ocrx_word' id='word_1_368' title='bbox 1327 2532 1365 2564; x_wconf 86' lang='lat' dir='ltr'>p.</span> <span class='ocrx_word' id='word_1_369' title='bbox 1381 2522 1452 2555; x_wconf 72' lang='lat'>592</span> <span class='ocrx_word' id='word_1_370' title='bbox 1463 2532 1535 2564; x_wconf 73' lang='lat' dir='ltr'>seq.</span> <span class='ocrx_word' id='word_1_371' title='bbox 1559 2539 1604 2544; x_wconf 95' lang='lat'>—</span> <span class='ocrx_word' id='word_1_372' title='bbox 1628 2521 1661 2561; x_wconf 87' lang='lat'>2)</span> <span class='ocrx_word' id='word_1_373' title='bbox 1686 2518 1772 2552; x_wconf 75' lang='lat' dir='ltr'>Sine</span> <span class='ocrx_word' id='word_1_374' title='bbox 1786 2517 1921 2559; x_wconf 71' lang='lat' dir='ltr'>fraude</span> 
     </span>
     <span class='ocr_line' id='line_1_35' title="bbox 211 2576 1921 2624; baseline -0.001 -14"><span class='ocrx_word' id='word_1_375' title='bbox 211 2588 286 2612; x_wconf 73' lang='lat' dir='ltr'>sua.</span> <span class='ocrx_word' id='word_1_376' title='bbox 303 2598 349 2604; x_wconf 88' lang='lat'>—</span> <span class='ocrx_word' id='word_1_377' title='bbox 373 2582 407 2622; x_wconf 87' lang='lat'>3)</span> <span class='ocrx_word' id='word_1_378' title='bbox 433 2579 509 2613; x_wconf 69' lang='lat' dir='ltr'>Ser.</span> <span class='ocrx_word' id='word_1_379' title='bbox 535 2581 648 2624; x_wconf 88' lang='lat' dir='ltr'>quive.</span> <span class='ocrx_word' id='word_1_380' title='bbox 665 2600 711 2605; x_wconf 97' lang='lat'><strong>—</strong></span> <span class='ocrx_word' id='word_1_381' title='bbox 734 2582 768 2623; x_wconf 87' lang='lat'>4)</span> <span class='ocrx_word' id='word_1_382' title='bbox 794 2580 877 2613; x_wconf 79' lang='lat' dir='ltr'>Iure</span> <span class='ocrx_word' id='word_1_383' title='bbox 901 2580 1057 2613; x_wconf 82' lang='lat' dir='ltr'>dicundo</span> <span class='ocrx_word' id='word_1_384' title='bbox 1080 2582 1231 2622; x_wconf 64' lang='lat' dir='ltr'>praev-it.</span> <span class='ocrx_word' id='word_1_385' title='bbox 1251 2597 1295 2602; x_wconf 95' lang='grc'><strong>-</strong></span> <span class='ocrx_word' id='word_1_386' title='bbox 1320 2580 1354 2620; x_wconf 84' lang='grc'>5)</span> <span class='ocrx_word' id='word_1_387' title='bbox 1382 2576 1436 2618; x_wconf 75' lang='lat' dir='ltr'>Cf.</span> <span class='ocrx_word' id='word_1_388' title='bbox 1452 2578 1538 2620; x_wconf 71' lang='lat' dir='ltr'>Dig.</span> <span class='ocrx_word' id='word_1_389' title='bbox 1549 2578 1605 2619; x_wconf 75' lang='lat'>50,</span> <span class='ocrx_word' id='word_1_390' title='bbox 1617 2576 1670 2618; x_wconf 72' lang='lat'>16,</span> <span class='ocrx_word' id='word_1_391' title='bbox 1685 2576 1811 2617; x_wconf 53' lang='lat'>2544.</span> <span class='ocrx_word' id='word_1_392' title='bbox 1842 2576 1921 2610; x_wconf 73' lang='lat' dir='ltr'>Lex</span> 
     </span>
     <span class='ocr_line' id='line_1_36' title="bbox 211 2631 1920 2678; baseline 0.001 -11"><span class='ocrx_word' id='word_1_393' title='bbox 211 2633 320 2669; x_wconf 82' lang='lat' dir='ltr'>Rubr.</span> <span class='ocrx_word' id='word_1_394' title='bbox 347 2646 374 2669; x_wconf 82' lang='lat' dir='ltr'>c.</span> <span class='ocrx_word' id='word_1_395' title='bbox 391 2637 439 2670; x_wconf 91' lang='grc'>22</span> <span class='ocrx_word' id='word_1_396' title='bbox 464 2647 555 2671; x_wconf 79' lang='lat' dir='ltr'>vers.</span> <span class='ocrx_word' id='word_1_397' title='bbox 578 2637 642 2678; x_wconf 77' lang='lat' dir='ltr'>fin.</span> <span class='ocrx_word' id='word_1_398' title='bbox 680 2656 725 2661; x_wconf 85' lang='lat'><em>-</em></span> <span class='ocrx_word' id='word_1_399' title='bbox 761 2639 795 2678; x_wconf 88' lang='lat'>6)</span> <span class='ocrx_word' id='word_1_400' title='bbox 821 2637 898 2671; x_wconf 81' lang='lat' dir='ltr'>Ser.</span> <span class='ocrx_word' id='word_1_401' title='bbox 923 2636 1166 2670; x_wconf 82' lang='lat' dir='ltr'>iudicatumve.</span> <span class='ocrx_word' id='word_1_402' title='bbox 1201 2655 1247 2660; x_wconf 97' lang='lat'><strong>—</strong></span> <span class='ocrx_word' id='word_1_403' title='bbox 1283 2637 1318 2677; x_wconf 81' lang='lat'>7)</span> <span class='ocrx_word' id='word_1_404' title='bbox 1344 2633 1397 2674; x_wconf 73' lang='lat' dir='ltr'>Cf.</span> <span class='ocrx_word' id='word_1_405' title='bbox 1423 2634 1531 2676; x_wconf 72' lang='lat' dir='ltr'>Legis</span> <span class='ocrx_word' id='word_1_406' title='bbox 1553 2631 1625 2667; x_wconf 88' lang='lat' dir='ltr'>XII</span> <span class='ocrx_word' id='word_1_407' title='bbox 1645 2633 1715 2666; x_wconf 74' lang='lat' dir='ltr'>tab.</span> <span class='ocrx_word' id='word_1_408' title='bbox 1738 2632 1842 2676; x_wconf 78' lang='lat' dir='ltr'>reliq.</span> <span class='ocrx_word' id='word_1_409' title='bbox 1866 2633 1920 2668; x_wconf 74' lang='lat' dir='ltr'>od.</span> 
     </span>
     <span class='ocr_line' id='line_1_37' title="bbox 214 2688 1920 2737; baseline 0 -15"><span class='ocrx_word' id='word_1_410' title='bbox 214 2690 355 2724; x_wconf 72' lang='lat' dir='ltr'>Schoell</span> <span class='ocrx_word' id='word_1_411' title='bbox 375 2704 410 2735; x_wconf 83' lang='lat' dir='ltr'>p.</span> <span class='ocrx_word' id='word_1_412' title='bbox 426 2693 506 2727; x_wconf 72' lang='grc'><strong><em>422.</em></strong></span> <span class='ocrx_word' id='word_1_413' title='bbox 537 2714 582 2719; x_wconf 93' lang='grc'><strong>-</strong></span> <span class='ocrx_word' id='word_1_414' title='bbox 619 2695 652 2736; x_wconf 91' lang='grc'>8)</span> <span class='ocrx_word' id='word_1_415' title='bbox 679 2692 732 2733; x_wconf 75' lang='lat' dir='ltr'>Cr.</span> <span class='ocrx_word' id='word_1_416' title='bbox 757 2704 868 2737; x_wconf 74' lang='lat' dir='ltr'>supra</span> <span class='ocrx_word' id='word_1_417' title='bbox 892 2692 937 2727; x_wconf 88' lang='lat' dir='ltr'>N.</span> <span class='ocrx_word' id='word_1_418' title='bbox 953 2694 1042 2727; x_wconf 75' lang='lat'><strong><em>5050</em></strong></span> <span class='ocrx_word' id='word_1_419' title='bbox 1065 2693 1204 2728; x_wconf 53' lang='lat' dir='ltr'>not&amp;</span> <span class='ocrx_word' id='word_1_420' title='bbox 1220 2691 1269 2737; x_wconf 81' lang='lat' dir='ltr'>(p.</span> <span class='ocrx_word' id='word_1_421' title='bbox 1285 2692 1381 2729; x_wconf 84' lang='grc'><strong><em>286).</em></strong></span> <span class='ocrx_word' id='word_1_422' title='bbox 1412 2708 1457 2714; x_wconf 93' lang='grc'>-</span> <span class='ocrx_word' id='word_1_423' title='bbox 1495 2690 1528 2730; x_wconf 90' lang='grc'>9)</span> <span class='ocrx_word' id='word_1_424' title='bbox 1552 2688 1762 2722; x_wconf 72' lang='lat' dir='ltr'>Sestertium</span> <span class='ocrx_word' id='word_1_425' title='bbox 1786 2690 1920 2732; x_wconf 75' lang='lat' dir='ltr'>viginti</span> 
     </span>
     <span class='ocr_line' id='line_1_38' title="bbox 211 2745 1920 2792; baseline 0.001 -14"><span class='ocrx_word' id='word_1_426' title='bbox 211 2747 325 2782; x_wconf 78' lang='lat' dir='ltr'>milia.</span> <span class='ocrx_word' id='word_1_427' title='bbox 361 2767 405 2772; x_wconf 91' lang='lat'>—</span> <span class='ocrx_word' id='word_1_428' title='bbox 445 2751 499 2792; x_wconf 92' lang='lat'>10)</span> <span class='ocrx_word' id='word_1_429' title='bbox 533 2751 632 2783; x_wconf 80' lang='lat' dir='ltr'>Dare</span> <span class='ocrx_word' id='word_1_430' title='bbox 656 2751 813 2784; x_wconf 78' lang='lat' dir='ltr'>damnas.</span> <span class='ocrx_word' id='word_1_431' title='bbox 849 2770 895 2776; x_wconf 97' lang='lat'><strong>—</strong></span> <span class='ocrx_word' id='word_1_432' title='bbox 932 2750 988 2792; x_wconf 89' lang='lat'>11)</span> <span class='ocrx_word' id='word_1_433' title='bbox 1023 2749 1084 2782; x_wconf 83' lang='lat' dir='ltr'>Sic</span> <span class='ocrx_word' id='word_1_434' title='bbox 1111 2759 1225 2791; x_wconf 80' lang='lat' dir='ltr'>paene</span> <span class='ocrx_word' id='word_1_435' title='bbox 1255 2750 1458 2782; x_wconf 75' lang='lat' dir='ltr'>constanter</span> <span class='ocrx_word' id='word_1_436' title='bbox 1485 2746 1659 2788; x_wconf 71' lang='lat' dir='ltr'>scriptum</span> <span class='ocrx_word' id='word_1_437' title='bbox 1689 2746 1729 2777; x_wconf 78' lang='lat' dir='ltr'>in</span> <span class='ocrx_word' id='word_1_438' title='bbox 1752 2746 1820 2778; x_wconf 80' lang='grc' dir='ltr'><em>Ιιασ</em></span> <span class='ocrx_word' id='word_1_439' title='bbox 1843 2745 1920 2789; x_wconf 77' lang='lat' dir='ltr'>logo</span> 
     </span>
     <span class='ocr_line' id='line_1_39' title="bbox 214 2800 1920 2851; baseline 0.001 -16"><span class='ocrx_word' id='word_1_440' title='bbox 214 2802 276 2842; x_wconf 71' lang='lat' dir='ltr'>(cfi</span> <span class='ocrx_word' id='word_1_441' title='bbox 294 2809 365 2838; x_wconf 79' lang='lat' dir='ltr'>not.</span> <span class='ocrx_word' id='word_1_442' title='bbox 382 2806 437 2840; x_wconf 87' lang='grc'>68.</span> <span class='ocrx_word' id='word_1_443' title='bbox 452 2807 553 2851; x_wconf 70' lang='grc'>474),·</span> <span class='ocrx_word' id='word_1_444' title='bbox 578 2808 699 2840; x_wconf 80' lang='lat' dir='ltr'>debuit</span> <span class='ocrx_word' id='word_1_445' title='bbox 721 2818 812 2840; x_wconf 77' lang='lat' dir='ltr'>esse:</span> <span class='ocrx_word' id='word_1_446' title='bbox 837 2807 906 2851; x_wconf 89' lang='lat' dir='ltr'>qui.</span> <span class='ocrx_word' id='word_1_447' title='bbox 931 2825 977 2831; x_wconf 88' lang='lat'>—</span> <span class='ocrx_word' id='word_1_448' title='bbox 1003 2807 1074 2848; x_wconf 78' lang='lat'>11⁸)</span> <span class='ocrx_word' id='word_1_449' title='bbox 1097 2805 1251 2839; x_wconf 78' lang='lat' dir='ltr'>Numen·</span> <span class='ocrx_word' id='word_1_450' title='bbox 1272 2805 1311 2838; x_wconf 80' lang='lat' dir='ltr'>Izi</span> <span class='ocrx_word' id='word_1_451' title='bbox 1332 2806 1454 2847; x_wconf 71' lang='lat' dir='ltr'>postea</span> <span class='ocrx_word' id='word_1_452' title='bbox 1479 2801 1613 2843; x_wconf 81' lang='lat' dir='ltr'>additi,</span> <span class='ocrx_word' id='word_1_453' title='bbox 1637 2800 1740 2841; x_wconf 72' lang='lat' dir='ltr'>infra</span> <span class='ocrx_word' id='word_1_454' title='bbox 1760 2803 1920 2845; x_wconf 77' lang='lat' dir='ltr'>primum</span> 
     </span>
     <span class='ocr_line' id='line_1_40' title="bbox 212 2859 1920 2907; baseline 0.002 -16"><span class='ocrx_word' id='word_1_455' title='bbox 212 2861 323 2892; x_wconf 78' lang='lat' dir='ltr'>unius</span> <span class='ocrx_word' id='word_1_456' title='bbox 339 2864 509 2905; x_wconf 76' lang='lat' dir='ltr'>cuiusque</span> <span class='ocrx_word' id='word_1_457' title='bbox 526 2866 654 2907; x_wconf 76' lang='lat' dir='ltr'>capitis</span> <span class='ocrx_word' id='word_1_458' title='bbox 671 2864 891 2904; x_wconf 78' lang='lat' dir='ltr'>vocabulum,</span> <span class='ocrx_word' id='word_1_459' title='bbox 915 2863 1010 2906; x_wconf 84' lang='lat' dir='ltr'>quod</span> <span class='ocrx_word' id='word_1_460' title='bbox 1024 2862 1147 2906; x_wconf 80' lang='lat' dir='ltr'>paullo</span> <span class='ocrx_word' id='word_1_461' title='bbox 1163 2863 1362 2904; x_wconf 78' lang='lat' dir='ltr'>marginem</span> <span class='ocrx_word' id='word_1_462' title='bbox 1378 2869 1501 2892; x_wconf 75' lang='lat' dir='ltr'>versus</span> <span class='ocrx_word' id='word_1_463' title='bbox 1517 2860 1693 2892; x_wconf 64' lang='lat' dir='ltr'>ameum-it.</span> <span class='ocrx_word' id='word_1_464' title='bbox 1705 2878 1751 2884; x_wconf 93' lang='lat'><strong>—</strong></span> <span class='ocrx_word' id='word_1_465' title='bbox 1770 2860 1824 2902; x_wconf 87' lang='lat'>12)</span> <span class='ocrx_word' id='word_1_466' title='bbox 1840 2859 1920 2894; x_wconf 78' lang='lat' dir='ltr'>Sor.</span> 
     </span>
     <span class='ocr_line' id='line_1_41' title="bbox 213 2914 1919 2962; baseline 0 -14"><span class='ocrx_word' id='word_1_467' title='bbox 213 2915 255 2948; x_wconf 89' lang='lat' dir='ltr'>iis</span> <span class='ocrx_word' id='word_1_468' title='bbox 274 2916 330 2959; x_wconf 83' lang='lat' dir='ltr'>(in</span> <span class='ocrx_word' id='word_1_469' title='bbox 345 2928 429 2951; x_wconf 82' lang='lat' dir='ltr'>aere</span> <span class='ocrx_word' id='word_1_470' title='bbox 445 2923 499 2952; x_wconf 77' lang='lat' dir='ltr'>est</span> <span class='ocrx_word' id='word_1_471' title='bbox 513 2920 569 2962; x_wconf 88' lang='grc' dir='ltr'>ΙΚ)</span> <span class='ocrx_word' id='word_1_472' title='bbox 585 2920 706 2954; x_wconf 84' lang='lat' dir='ltr'>llviris.</span> <span class='ocrx_word' id='word_1_473' title='bbox 723 2940 767 2945; x_wconf 97' lang='lat'><strong>—</strong></span> <span class='ocrx_word' id='word_1_474' title='bbox 787 2922 841 2962; x_wconf 86' lang='lat'>13)</span> <span class='ocrx_word' id='word_1_475' title='bbox 860 2919 1039 2962; x_wconf 79' lang='lat' dir='ltr'>Singulos.</span> <span class='ocrx_word' id='word_1_476' title='bbox 1053 2938 1097 2944; x_wconf 93' lang='lat'>-—</span> <span class='ocrx_word' id='word_1_477' title='bbox 1118 2920 1172 2959; x_wconf 90' lang='grc'>14)</span> <span class='ocrx_word' id='word_1_478' title='bbox 1191 2916 1244 2958; x_wconf 75' lang='lat' dir='ltr'>Cf.</span> <span class='ocrx_word' id='word_1_479' title='bbox 1257 2914 1358 2956; x_wconf 78' lang='lat' dir='ltr'>infra</span> <span class='ocrx_word' id='word_1_480' title='bbox 1375 2915 1425 2949; x_wconf 87' lang='lat' dir='ltr'>ad</span> <span class='ocrx_word' id='word_1_481' title='bbox 1435 2914 1638 2949; x_wconf 75' lang='lat' dir='ltr'>N.6549.—</span> <span class='ocrx_word' id='word_1_482' title='bbox 1657 2916 1712 2957; x_wconf 86' lang='lat'>15)</span> <span class='ocrx_word' id='word_1_483' title='bbox 1724 2915 1919 2959; x_wconf 70' lang='lat' dir='ltr'>Magistra-</span> 
     </span>
     <span class='ocr_line' id='line_1_42' title="bbox 215 2971 1918 3019; baseline 0.002 -16"><span class='ocrx_word' id='word_1_484' title='bbox 215 2974 301 3006; x_wconf 80' lang='lat' dir='ltr'>tum.</span> <span class='ocrx_word' id='word_1_485' title='bbox 313 2992 359 2998; x_wconf 92' lang='lat'>—-</span> <span class='ocrx_word' id='word_1_486' title='bbox 386 2976 440 3018; x_wconf 87' lang='lat'>16)</span> <span class='ocrx_word' id='word_1_487' title='bbox 456 2976 742 3019; x_wconf 75' lang='lat' dir='ltr'>Mogz’stratibus.</span> <span class='ocrx_word' id='word_1_488' title='bbox 759 2996 804 3002; x_wconf 92' lang='lat'><strong>—</strong></span> <span class='ocrx_word' id='word_1_489' title='bbox 831 2978 886 3018; x_wconf 81' lang='grc'>17)</span> <span class='ocrx_word' id='word_1_490' title='bbox 909 2976 962 3009; x_wconf 84' lang='lat' dir='ltr'>De</span> <span class='ocrx_word' id='word_1_491' title='bbox 986 2977 1042 3008; x_wconf 78' lang='lat' dir='ltr'>his</span> <span class='ocrx_word' id='word_1_492' title='bbox 1064 2974 1283 3008; x_wconf 70' lang='lat' dir='ltr'>mercedibus</span> <span class='ocrx_word' id='word_1_493' title='bbox 1306 2971 1352 3012; x_wconf 66' lang='lat' dir='ltr'>cll</span> <span class='ocrx_word' id='word_1_494' title='bbox 1370 2971 1562 3006; x_wconf 64' lang='lat' dir='ltr'>Mommsen</span> <span class='ocrx_word' id='word_1_495' title='bbox 1578 2971 1670 3014; x_wconf 80' lang='grc' dir='ltr'><strong><em>ΕρΙι.</em></strong></span> <span class='ocrx_word' id='word_1_496' title='bbox 1687 2982 1738 3015; x_wconf 79' lang='lat' dir='ltr'>ep.</span> <span class='ocrx_word' id='word_1_497' title='bbox 1750 2973 1776 3007; x_wconf 71' lang='lat'><em>3</em></span> <span class='ocrx_word' id='word_1_498' title='bbox 1788 2982 1826 3015; x_wconf 86' lang='lat' dir='ltr'>p.</span> <span class='ocrx_word' id='word_1_499' title='bbox 1842 2971 1918 3007; x_wconf 71' lang='lat'>407.</span> 
     </span>
     <span class='ocr_line' id='line_1_43' title="bbox 214 3027 1920 3074; baseline -0.001 -11"><span class='ocrx_word' id='word_1_500' title='bbox 214 3046 260 3052; x_wconf 89' lang='lat'>—</span> <span class='ocrx_word' id='word_1_501' title='bbox 286 3030 340 3071; x_wconf 90' lang='grc'>18)</span> <span class='ocrx_word' id='word_1_502' title='bbox 357 3032 602 3074; x_wconf 80' lang='lat' dir='ltr'>Apparebunt.</span> <span class='ocrx_word' id='word_1_503' title='bbox 620 3051 664 3056; x_wconf 97' lang='lat'><strong>—</strong></span> <span class='ocrx_word' id='word_1_504' title='bbox 691 3034 745 3071; x_wconf 86' lang='grc'>19)</span> <span class='ocrx_word' id='word_1_505' title='bbox 770 3033 942 3066; x_wconf 76' lang='lat' dir='ltr'>Error-em</span> <span class='ocrx_word' id='word_1_506' title='bbox 966 3033 1006 3064; x_wconf 84' lang='lat' dir='ltr'>in</span> <span class='ocrx_word' id='word_1_507' title='bbox 1022 3041 1169 3064; x_wconf 77' lang='lat' dir='ltr'>numero</span> <span class='ocrx_word' id='word_1_508' title='bbox 1194 3040 1266 3062; x_wconf 76' lang='lat' dir='ltr'>esso</span> <span class='ocrx_word' id='word_1_509' title='bbox 1280 3030 1486 3072; x_wconf 75' lang='lat' dir='ltr'>suspicatur</span> <span class='ocrx_word' id='word_1_510' title='bbox 1501 3027 1660 3061; x_wconf 75' lang='lat' dir='ltr'>Momms.</span> <span class='ocrx_word' id='word_1_511' title='bbox 1676 3046 1722 3052; x_wconf 97' lang='lat'><strong>—</strong></span> <span class='ocrx_word' id='word_1_512' title='bbox 1745 3029 1803 3070; x_wconf 86' lang='grc'>20)</span> <span class='ocrx_word' id='word_1_513' title='bbox 1825 3027 1920 3062; x_wconf 75' lang='lat' dir='ltr'>For·-</span> 
     </span>
     <span class='ocr_line' id='line_1_44' title="bbox 217 3084 1827 3132; baseline 0.002 -17"><span class='ocrx_word' id='word_1_514' title='bbox 217 3086 307 3116; x_wconf 75' lang='lat' dir='ltr'>tasse</span> <span class='ocrx_word' id='word_1_515' title='bbox 330 3086 427 3130; x_wconf 81' lang='lat' dir='ltr'>itque</span> <span class='ocrx_word' id='word_1_516' title='bbox 453 3088 513 3130; x_wconf 89' lang='lat' dir='ltr'>iis,</span> <span class='ocrx_word' id='word_1_517' title='bbox 538 3092 578 3121; x_wconf 74' lang='lat' dir='ltr'>ut</span> <span class='ocrx_word' id='word_1_518' title='bbox 599 3089 721 3132; x_wconf 80' lang='lat' dir='ltr'>paullo</span> <span class='ocrx_word' id='word_1_519' title='bbox 746 3092 827 3132; x_wconf 79' lang='lat' dir='ltr'>post</span> <span class='ocrx_word' id='word_1_520' title='bbox 851 3090 943 3131; x_wconf 84' lang='lat' dir='ltr'>(cap.</span> <span class='ocrx_word' id='word_1_521' title='bbox 961 3087 1106 3130; x_wconf 81' lang='lat' dir='ltr'>LXIII).</span> <span class='ocrx_word' id='word_1_522' title='bbox 1131 3105 1174 3110; x_wconf 91' lang='lat'>—</span> <span class='ocrx_word' id='word_1_523' title='bbox 1205 3086 1263 3127; x_wconf 87' lang='lat'>21)</span> <span class='ocrx_word' id='word_1_524' title='bbox 1285 3084 1405 3118; x_wconf 73' lang='lat' dir='ltr'>Insere</span> <span class='ocrx_word' id='word_1_525' title='bbox 1429 3087 1524 3128; x_wconf 87' lang='lat' dir='ltr'>quot,</span> <span class='ocrx_word' id='word_1_526' title='bbox 1561 3085 1618 3126; x_wconf 84' lang='lat'>22)</span> <span class='ocrx_word' id='word_1_527' title='bbox 1640 3094 1711 3120; x_wconf 74' lang='lat' dir='ltr'>scr.</span> <span class='ocrx_word' id='word_1_528' title='bbox 1736 3085 1827 3119; x_wconf 83' lang='lat' dir='ltr'>licet.</span> 
     </span>
    </p>
   </div>
  </div>
 </body>
</html>
