2092 3360
362 178 477 217 Tituli
500 180 598 217 sacri
621 183 660 219 et
682 180 927 218 secerdotum.
952 200 997 207 —
1021 180 1206 217 Maturius
1230 182 1268 218 et
1290 179 1403 217 Mala..
1441 180 1587 227 Apollo.
1782 180 1834 219 31

231 294 344 342 3215
393 298 438 339 Ι..
460 297 563 351 Opio
594 296 718 351 C.1.1
743 297 924 350 Apolene
951 294 956 352 Ι
983 295 1090 336 dono
1121 295 1208 336 ded.
1236 293 1241 350 Ι
1269 296 1425 337 merito.

235 363 350 408 Prope
365 364 551 399 Mose-iano
567 367 606 398 in
622 374 714 408 agro
730 364 1019 398 Praetuttiorum
1041 373 1114 407 rep.
1138 363 1337 404 (Bm-naba·
1350 363 1497 398 Notizie
1518 365 1618 409 degli
1639 367 1739 401 soavi
1752 365 1836 400 4894

116 432 154 466 μ
179 421 276 466 3⁷⁰)-

232 500 346 548 3216
395 503 448 544 Μ.
479 502 650 544 Mindios
687 502 732 543 L.
764 503 818 550 fi..
859 499 865 557 Ι
906 502 949 542 Ρ.
981 501 1196 543 Condetios
1227 502 1293 542 Va.
1326 503 1379 552 fi„
1419 501 1426 557 Ι
1467 503 1622 552 aidiles,
1666 502 1836 544 vicesma

118 571 220 625 parti
247 569 253 626 Ι
280 571 483 625 Apolones
512 571 661 612 dederi.

233 637 376 681 Roman,
398 649 496 672 nunc
519 637 716 682 Monachii,
748 638 879 671 tabella
903 649 1009 671 aerea
1035 637 1074 681 (Ι
1092 637 1170 671 482.
1198 637 1250 671 V!
1269 638 1336 678 29;
1364 635 1504 671 Riese-hl
1525 639 1595 671 tab.
1619 637 1710 681 110).

232 717 346 764 3217
396 749 407 760 .
454 719 672 773 ,mprieius
702 719 744 760 C.
774 720 802 759 f.
829 718 901 773 Ι..
933 718 1106 759 abui-cus
1135 730 1173 770 q.
1201 714 1451 773 lsA]polinei
1480 717 1558 758 dat.

233 786 394 820 Faleriis
416 796 504 829 rep„
528 785 656 819 deinde
680 786 833 819 Parisiis
858 785 928 827 (XI
946 787 1039 821 5075
1063 785 1156 818 vidit
1177 784 1400 828 Mommsen).

232 863 350 911 3218
397 867 573 921 Apollini
604 867 811 920 Genioque
831 866 998 919 Augusti
1019 866 1197 907 Caesaris
1226 877 1383 906 sacrum
1409 863 1416 920 Ι
1443 865 1487 906 L.
1508 866 1764 920 Apusulenus
1792 866 1838 907 L.

118 935 144 976 l.
175 934 278 976 Eros
306 936 493 988 magister
522 942 686 989 puteum
714 935 849 988 puteal
877 934 1012 975 laurus
1042 935 1079 975 d.
1109 947 1149 988 p.
1180 947 1212 975 s.

234 1003 352 1046 Prope
374 1003 577 1036 Bononiam
600 1013 676 1045 rep.
701 1001 772 1043 (XI
790 1003 855 1035 804
879 1001 974 1035 vidit
994 1001 1211 1046 Bor-mann).

234 1081 350 1130 3219
399 1084 574 1138 Apollini
603 1085 782 1137 Augusto
816 1085 823 1139 Ι
858 1095 1014 1124 sacrum
1046 1081 1053 1138 Ι
1090 1084 1277 1136 magister
1307 1089 1347 1122 et
1373 1080 1588 1138 minister}
1622 1083 1719 1122 anni
1749 1081 1839 1122 Lll¹

120 1152 157 1192 d.
188 1153 240 1202 d„
268 1151 274 1208 Ι
299 1152 345 1193 L.
375 1152 568 1194 Laberius
597 1152 643 1194 L.
672 1153 699 1193 l.
730 1152 853 1203 Felix,
881 1149 888 1207 Ι
920 1151 1078 1193 Tertius
1109 1151 1156 1199 Q.
1188 1151 1253 1199 Q.²
1281 1151 1534 1191 Nunniorum
1561 1148 1568 1205 Ι
1599 1149 1770 1191 Lunesis
1801 1156 1840 1190 et

119 1221 302 1262 Montani
342 1230 399 1275 (in
425 1231 558 1266 latere.-
584 1231 731 1273 laur-un
765 1231 807 1263 in
830 1231 946 1264 altero
971 1230 1104 1264 latere:
1128 1232 1284 1272 corvus.)

234 1287 368 1322 Romae
391 1299 465 1332 rep.
493 1299 527 1323 a.
540 1287 628 1322 4562
652 1289 749 1321 inter
763 1287 986 1320 Aventinum
1010 1290 1046 1320 ec
1068 1290 1223 1320 montem
1243 1286 1447 1320 Testaceum
1463 1285 1595 1328 (V155
1611 1287 1661 1319 ad
1675 1286 1839 1330 exempla

121 1345 307 1388 complura
323 1348 509 1387 accurata,
532 1344 635 1385 facta
659 1355 750 1378 saec.
768 1343 863 1378 XVI.
879 1343 1011 1388 XVII).
1052 1344 1269 1377 ornamenta
1294 1343 1447 1376 laterum
1470 1344 1524 1377 sie
1546 1347 1588 1376 ut
1610 1354 1721 1387 supra
1743 1354 1840 1378 unus

121 1404 262 1436 tautum
289 1405 420 1436 auctor
443 1404 621 1444 enotavit,
656 1401 792 1444 reliqui
813 1402 964 1434 variant
992 1401 1049 1434 vel
1078 1404 1207 1436 tacent.
1244 1419 1289 1426 —-
1328 1402 1360 1443 1)
1395 1400 1572 1442 Magister
1607 1404 1641 1434 et
1675 1402 1841 1434 minister

119 1457 272 1499 fuerunt
294 1458 471 1493 Laberius
492 1459 603 1493 Felice
626 1462 660 1492 et
687 1457 830 1491 Tertius
853 1457 1087 1492 Nanniorum
1117 1468 1242 1491 servus
1270 1467 1368 1491 anno
1398 1459 1694 1500 quinquagesimo
1725 1458 1839 1492 allero

120 1527 168 1550 ex
195 1515 275 1560 quo'
289 1518 505 1550 constitutus
528 1519 580 1549 est
602 1517 702 1549 vicus
724 1517 765 1548 in
789 1526 859 1559 quo
883 1515 1116 1549 simulacrum
1140 1515 1321 1558 Apollinis
1344 1514 1547 1547 dedicatum
1572 1518 1634 1557 est,
1658 1515 1699 1548 id
1720 1518 1773 1548 est
1800 1517 1843 1548 ut

120 1573 262 1607 videtur
275 1575 373 1607 cirea
387 1583 523 1606 annum
535 1572 613 1618 4516
627 1584 663 1617 p.
677 1573 772 1616 Chr„
788 1583 874 1606 nam
886 1573 961 1605 vici
973 1572 1136 1605 ordinali
1151 1575 1186 1604 et
1196 1573 1367 1615 magistri
1378 1573 1495 1605 annui
1507 1574 1628 1605 creari
1639 1565 1714 1617 (vel
1724 1572 1839 1606 denuo

120 1629 255 1675 creari)
280 1632 398 1674 coepti
419 1633 506 1663 sunt
529 1631 627 1663 eirea
652 1641 686 1665 a.
710 1630 774 1663 747
795 1640 832 1664 u.
857 1640 888 1665 c.
914 1628 980 1674 (σῙὶ
1005 1630 1054 1663 ad
1075 1629 1119 1664 N.
1142 1630 1263 1674 5645).
1288 1650 1328 1655 -
1364 1631 1398 1673 2)
1422 1630 1587 1663 Duorum
1612 1630 1839 1671 Quintorum.

232 1711 350 1757 3220
398 1712 572 1765 Apollini
599 1710 604 1767 Ι
633 1712 681 1759 Q.
710 1711 862 1752 Lollius
888 1709 894 1765 Ι
923 1711 1091 1752 Urbicus
1118 1714 1124 1763 Ι
1151 1713 1275 1765 praef.
1308 1712 1411 1752 urb.¹

235 1779 367 1813 Romae
392 1778 464 1823 (VI
483 1780 532 1813 28
545 1782 600 1812 ter
621 1783 665 1812 ut
687 1779 829 1812 videtur·
854 1779 1032 1822 descripta
1055 1790 1149 1813 saec.
1162 1779 1276 1820 XVI).
1293 1797 1335 1803 ——
1365 1781 1398 1822 1)
1422 1778 1477 1819 Cl'.
1499 1790 1611 1823 supra
1634 1778 1680 1815 Ν.
1695 1779 1792 1814 4065.

235 1870 348 1918 3221
389 1873 563 1926 Apollini
583 1879 721 1914 sancto
748 1871 755 1928 Ι
782 1872 826 1911 L.
848 1872 1032 1912 Minicius
1053 1871 1222 1912 Natalis¹
1250 1869 1254 1927 Ι
1283 1884 1378 1922 cos„
1409 1875 1482 1925 pro
1505 1885 1584 1912 cos.
1613 1870 1618 1926 Ι
1645 1871 1839 1924 Africae‚l

123 1952 263 1992 augur,
293 1941 367 1993 leg.
397 1940 404 1995 Ι
431 1942 530 1992 Aug.
559 1954 632 1993 pro
664 1953 725 1993 pr.
753 1938 759 1995 Ι
786 1940 956 1980 Moesiae
986 1940 1198 1980 inferioris.

240 2006 376 2040 Canino
407 2017 520 2050 prope
548 2007 683 2039 rudera
718 2007 941 2040 Vuleenlana
970 2017 1045 2049 rep.
1077 2005 1147 2049 (XI
1166 2007 1260 2039 2925
1290 2006 1382 2038 vidit
1405 2006 1618 2050 Bormann).
1643 2026 1685 2031 —--
1726 2008 1758 2049 1)
1783 2006 1840 2047 Cf.

47 2043 51 2046 -
122 2073 233 2106 supra
258 2062 302 2096 N.
326 2063 420 2103 4064,
448 2061 550 2102 infra
575 2061 620 2096 N.
643 2063 744 2096 5445.

237 2142 354 2189 3222
401 2144 576 2196 Apollini
606 2150 744 2184 sancto
771 2145 777 2197 Ι
803 2143 1011 2184 Memmius
1042 2143 1232 2184 vitrasius
1260 2142 1266 2199 Ι
1293 2144 1442 2184 Orfitus
1470 2157 1506 2184 v,
1527 2157 1561 2184 c.
1589 2141 1597 2198 Ι
1622 2143 1684 2185 bis
1714 2146 1841 2197 praef.

122 2213 247 2262 urbi',
275 2211 281 2267 Ι
308 2213 445 2253 aedem
475 2212 657 2265 providit,
685 2210 691 2264 Ι
717 2217 883 2251 curante
913 2211 972 2251 Fl.
1003 2211 1163 2252 Claudio
1191 2210 1196 2267 Ι
1223 2211 1429 2265 Euangelo
1460 2225 1494 2252 ν.
1525 2225 1574 2262 c.‚
1606 2213 1763 2254 comite.

237 2279 370 2313 Romae
395 2278 465 2324 (VI
485 2281 528 2313 45
552 2278 646 2312 vidit
668 2278 839 2324 Henzen).
864 2298 908 2304 —
941 2281 974 2322 1)
997 2277 1208 2318 Praefectus
1229 2281 1314 2313 urbi
1336 2281 1468 2313 iterum
1490 2278 1568 2319 fuit
1590 2291 1623 2314 a.
1646 2279 1762 2324 55619,
1792 2279 1840 2320 cs.

123 2346 235 2380 supra
258 2335 306 2371 N.
330 2337 422 2371 1243
445 2338 520 2369 not.
535 2337 572 2371 5.

239 2415 357 2463 3223
405 2418 480 2457 deo
510 2424 647 2457 sancto
674 2417 847 2470 Apollini
886 2417 1073 2470 pacifero,
1115 2429 1162 2457 ex
1190 2423 1281 2457 voto
1318 2416 1418 2457 libes
1456 2416 1572 2456 solvit
1610 2415 1726 2455 milex
1757 2419 1841 2462 (sic)

126 2487 248 2527 cortis
288 2486 323 2526 X
367 2485 588 2539 praetoriae
632 2485 813 2525 centuria
857 2485 947 2525 Dasi
984 2485 1117 2525 Aelius
1161 2484 1190 2525 C
1211 2514 1375 2534 ......
1432 2483 1532 2524 libes
1570 2490 1705 2524 votum
1749 2483 1840 2523 red-

125 2555 149 2595 d
201 2555 244 2595 it.

152 2556 198 2596 ed
241 2620 373 2655 Romae
398 2621 471 2663 (VI
491 2622 537 2657 57
559 2619 716 2661 sortasse
737 2618 844 2652 semel
867 2621 1008 2653 tantum
1032 2620 1210 2663 descripta
1234 2630 1326 2654 saec.
1349 2619 1451 2663 XV).

240 2724 356 2772 3224
403 2726 576 2780 Apollini
603 2724 608 2781 Ι
635 2725 793 2766 salutari
820 2722 827 2777 Ι
854 2730 893 2764 et
920 2723 1142 2763 medicinali
1170 2721 1176 2778 Ι
1203 2735 1370 2764 sacrum.

39 2822 54 2842 4
243 2793 424 2827 Incertum
447 2804 517 2836 quo
543 2793 631 2835 loeo,
660 2793 723 2826 sed
744 2792 877 2826 Romae
900 2794 942 2824 ut
963 2789 1106 2824 videtur·
1136 2789 1209 2833 (VI
1227 2791 1274 2824 59
1303 2790 1353 2823 ad
1375 2791 1624 2833 apographum
1656 2789 1753 2833 quod
1773 2788 1840 2822 Fr.

79 2849 81 2851 ’
129 2850 314 2885 Vestorius
338 2861 372 2884 a.
395 2851 484 2884 4752
509 2850 606 2883 misit
632 2848 772 2893 Gorio).

242 2952 357 2999 3225
405 2953 578 3007 Apollini
604 2953 612 3007 Ι
637 2952 852 3006 praestanti
879 2950 886 3001 Ι
913 2950 954 2991 C.
986 2949 1033 2989 H.
1065 2949 1131 2989 Μ.ι

247 3021 378 3055 Romae
403 3021 476 3062 (VI
493 3022 542 3055 58
564 3019 735 3054 viderunt
758 3018 911 3052 Smetae'us
935 3019 970 3050 et
992 3027 1107 3060 nuper
1131 3016 1174 3049 de
1198 3014 1328 3056 Bessi).
1350 3034 1394 3039 —
1427 3016 1461 3058 1)
1484 3013 1664 3048 Videntur
1686 3014 1845 3047 indicari

131 3079 205 3112 tria
227 3079 374 3111 nomina
397 3077 606 3111 dedicantis.
