2092 3360
277 170 332 209 70
1014 169 1135 215 Caput
1157 169 1221 205 XI.

389 284 503 331 3536
552 290 688 325 sancto
719 283 877 323 Silvano
912 281 918 339 Ι
953 284 1199 325 Abascantus
1230 286 1328 336 Aug.
1367 283 1436 323 lib.
1467 284 1727 326 Atimetianus
1762 283 1768 339 Ι
1802 285 1986 339 ampliato

278 355 396 408 podio
427 365 623 393 marmora
652 351 765 402 reliq.
797 364 898 403 quae
927 352 1079 393 defuer.
1107 351 1112 408 Ι
1139 353 1292 402 adiecit,
1324 358 1364 393 et
1392 352 1527 392 aedem
1559 365 1680 405 opere
1702 353 1847 405 signin.
1869 353 1988 406 inpo-

278 423 369 470 suit,
408 422 447 461 in
480 433 556 472 qua
592 417 598 474 Ι
634 419 880 459 consecravit
909 419 1021 471 signa
1061 420 1207 460 Silvani
1244 420 1345 461 lovis
1379 420 1538 460 Volcani
1574 418 1803 474 lApollinis
1831 421 1990 474 Asclepi

277 490 446 535 Danaae,
487 488 580 527 item
618 493 754 539 typum
793 494 834 527 et
866 490 873 540 Ι
908 487 1175 539 pavimentum
1209 488 1456 528 Graecense²
1496 495 1588 528 ante
1627 488 1789 541 podium
1829 489 1914 530 eius
1951 489 1989 530 d.

277 555 337 609 p.²
359 555 492 595 XXIV.

392 621 524 655 Romae
551 624 595 654 ut
624 621 778 664 videtur,
809 632 1025 665 quamquam
1059 622 1101 655 de
1132 622 1209 655 loco
1238 633 1311 655 non
1342 623 1502 656 traditur
1531 624 1604 664 (VI
1623 626 1687 658 656
1716 624 1813 657 solus
1835 624 1993 657 servavit

279 677 521 722 Sirmondus).
546 697 589 702 -
623 680 656 721 1)
680 679 926 711 Pavimentum
955 677 1150 712 Graecense
1173 679 1213 712 id
1235 691 1308 712 esse
1332 680 1428 722 quod
1450 680 1568 714 Plinio
1594 680 1833 723 Vitruvioque
1856 679 1993 714 dieitur
2060 660 2067 681 Γ,

282 734 550 771 Graecanicum,
579 737 719 767 monuit
744 735 945 768 Mommsen.
970 755 1014 759 —
1044 737 1077 774 2)
1104 736 1244 770 Pedum.

399 814 512 859 3537
563 816 721 855 Silvano
744 816 772 855 F
776 817 966 857 leviorum
993 815 999 871 Ι
1027 816 1237 857 Cassianus
1261 817 1306 856 T.
1328 816 1434 856 Flavi
1455 817 1554 869 Aug.
1584 818 1651 857 lib.
1679 816 1685 873 Ι
1712 818 1843 858 Celadi
1873 817 1996 857 liber-

280 890 344 923 tus
375 884 469 924 fecit
498 895 577 923 una
605 881 610 937 Ι
637 897 727 924 cum
750 884 875 925 Flavis
896 884 1080 925 Cassiano
1114 891 1153 924 et
1178 886 1185 935 Ι
1212 885 1390 925 Amando
1419 885 1507 925 filis.
1543 884 1731 925 Inchoata
1756 884 1764 940 Ι
1789 885 1994 925 Antonino

282 953 380 1003 Aug.
414 952 482 991 Pio
513 964 552 1004 p.
583 953 651 1004 p.¹‚
688 951 694 1007 Ι
727 954 904 993 dedicata
941 953 1009 993 XV
1039 953 1077 992 k.
1109 953 1233 1006 April.
1269 952 1275 1007 Ι
1313 953 1500 1006 Scipione
1537 953 1731 1006 Orphito²
1768 959 1807 994 et
1840 953 1847 1003 Ι
1883 953 1995 994 Sosio

282 1019 417 1059 Prisco
449 1020 546 1060 cos.³

402 1086 533 1120 Romae
564 1098 638 1131 rep.
664 1088 713 1120 ad
742 1089 889 1121 tertium
920 1089 1074 1131 lapidem
1103 1090 1184 1121 viae
1208 1088 1412 1122 Labicanae
1444 1088 1516 1129 (VI
1541 1090 1604 1123 644
1633 1089 1727 1122 vidit
1755 1087 1928 1129 Henzen).
1953 1104 1997 1112 -·

285 1143 319 1184 1)
336 1143 619 1185 Intellegendum
636 1145 800 1177 videtur:
824 1145 1011 1178 Antonino
1026 1146 1122 1187 Aug.
1141 1145 1297 1187 consule,
1321 1144 1477 1184 fortasse
1493 1148 1663 1188 quartum
1679 1143 1824 1178 consule
1840 1143 1891 1188 (a.
1903 1143 1998 1188 445).

283 1217 326 1222 —
352 1200 387 1241 2)
412 1200 625 1243 Plerumque
648 1202 822 1234 scribitur
846 1200 956 1237 01·fit-.
981 1221 1026 1227 —
1051 1203 1085 1244 3)
1111 1203 1152 1235 A.
1171 1202 1243 1235 149.

398 1278 514 1324 3538
563 1281 720 1321 Silvano
747 1281 753 1335 Ι
782 1281 1078 1322 Caeserianensi
1106 1280 1112 1335 Ι
1139 1282 1380 1335 Trophimus
1407 1280 1412 1337 Ι
1439 1282 1530 1322 act.¹

400 1347 515 1390 Prope
539 1347 780 1380 Beneventum
806 1349 854 1380 ad
877 1348 912 1382 S.
929 1348 1046 1381 Maria
1068 1348 1179 1383 Tuori
1205 1349 1275 1392 (IX
1287 1349 1378 1384 2115
1401 1349 1495 1381 vidit
1510 1347 1682 1390 Dressel).
1700 1367 1744 1373 -—
1772 1349 1803 1390 1)
1828 1348 1952 1382 Actor.

398 1425 513 1471 3539
563 1428 721 1468 Silvano
752 1429 987 1482 Pegasiano¹
1023 1429 1029 1484 Ι
1067 1431 1111 1470 D.
1143 1430 1333 1470 Fonteius
1363 1429 1650 1469 Frontinianus
1676 1427 1683 1481 Ι
1709 1428 1753 1468 L.
1785 1427 2000 1468 Stertinius

286 1494 455 1535 Rufinus
486 1496 561 1548 leg.
589 1493 595 1549 Ι
622 1498 834 1549 Augustor.
865 1511 926 1550 pr.
956 1510 1031 1550 pr„
1064 1511 1144 1539 cos.
1177 1498 1258 1538 des.

401 1561 592 1595 Lambaesz·
606 1573 681 1606 rep.
697 1565 737 1596 in
754 1565 884 1607 templo
895 1565 1113 1608 Aesculapii,
1131 1564 1178 1605 cll
1195 1575 1306 1607 supra
1323 1563 1369 1598 N.
1380 1565 1483 1606 5054,
1499 1561 1602 1603 infra
1618 1562 1664 1596 N.
1676 1563 1763 1597 5841
1779 1561 1887 1607 (VIII
1896 1561 2002 1595 25790

287 1618 380 1650 vidit
398 1618 629 1663 Wilmanns).
653 1639 698 1644 —
724 1621 756 1663 1)
781 1621 815 1653 A
839 1632 908 1665 quo
933 1619 1075 1664 Pegaso
1099 1623 1158 1654 hic
1182 1621 1351 1655 Silvanus
1374 1631 1504 1654 nomen
1528 1621 1696 1661 traxerit,
1720 1621 1896 1652 nescimus
1920 1617 2003 1661 (via.-
2033 1616 2036 1617 ⁷

290 1673 372 1706 licet
394 1676 557 1716 cogitare
580 1677 623 1709 de
647 1677 781 1719 Pegaso
813 1679 907 1710 iuris
936 1681 1084 1711 auctore
1117 1678 1336 1720 temporibus
1360 1677 1562 1718 Flavianis,
1596 1687 1697 1720 quem
1720 1686 1808 1709 sane
1832 1674 2004 1718 plurimis

284 1733 488 1773 provinciis
510 1731 712 1774 praefuisse
737 1735 923 1779 tradt'tur).

402 1811 518 1857 3540
567 1814 724 1854 Silvano
755 1815 1038 1868 dendrophoro
1069 1827 1240 1863 sacrum,
1267 1813 1273 1869 Ι
1308 1815 1372 1855 Μ’.
1403 1815 1604 1855 Poblicius
1633 1813 1790 1853 Hilarus
1819 1810 2003 1864 ποθι-33η*

290 1891 353 1931 qq.
387 1880 473 1932 pp.2
509 1894 597 1921 cum
638 1881 771 1922 liberis
797 1881 804 1937 Ι
831 1883 973 1936 Magno
1014 1890 1053 1924 et
1087 1883 1359 1924 Harmoniano
1399 1881 1690 1935 dendrophoris
1719 1881 1770 1920 M.
1802 1880 1839 1920 d.
1870 1892 1923 1919 m.
1954 1879 2004 1919 de

290 1959 362 1986 suo
394 1948 498 1988 fecit.

404 2013 536 2048 Romae
559 2018 599 2049 in
623 2017 769 2051 aedibus
788 2019 948 2061 privatis
973 2017 1043 2061 (VI
1063 2017 1124 2052 641
1156 2018 1248 2050 vidit
1272 2017 1476 2060 Kiessling).
1504 2036 1546 2041 —-
1581 2017 1614 2058 1)
1640 2015 1935 2058 Margaritarius.
1958 2030 2005 2038 —

291 2071 326 2112 2)
352 2070 635 2115 Quinquennalis
654 2077 849 2116 perpetuus
871 2075 1010 2108 seilicet
1033 2074 1176 2116 collegii
1200 2074 1533 2126 dendrophororum
1557 2073 1688 2106 Matris
1712 2072 1816 2104 deum
1838 2079 2003 2112 magnae.

295 2125 451 2160 Titulum
482 2132 640 2172 statuae,
677 2140 784 2173 quam
816 2132 901 2164 huic
935 2132 1007 2173 ipsi
1036 2131 1164 2164 Hilaro
1200 2131 1389 2173 collegium
1423 2130 1712 2172 dendrophorum
1744 2128 1870 2172 posuit
1899 2123 2005 2166 infra

292 2182 465 2216 dabimus.

406 2263 519 2309 3541
573 2267 729 2307 Silvano
769 2280 945 2317 sacrum,
986 2268 1107 2308 sodal.
1134 2267 1139 2323 Ι
1176 2268 1260 2308 eius
1291 2274 1329 2307 et
1358 2267 1525 2307 Larum¹
1564 2263 1748 2318 donum}
1782 2262 1916 2316 posuit
1943 2260 2005 2302 Ti.

295 2331 479 2372 Claudius
500 2335 600 2386 Aug.
627 2333 633 2388 Ι
660 2334 727 2375 lib.
749 2334 992 2376 Fortunatus
1021 2348 1042 2376 a
1069 2335 1075 2389 Ι
1102 2348 1196 2376 cura
1227 2335 1444 2376 amicorum
1471 2343 1477 2388 Ι
1504 2334 1688 2386 idemque
1717 2330 1909 2372 dedicavit
1933 2328 1942 2384 Ι
1968 2335 2008 2369 et

296 2400 456 2452 epulum
487 2401 594 2442 dedit
619 2405 625 2453 Ι
652 2403 809 2444 decuris
849 2417 888 2444 n.
919 2404 1011 2453 1111,
1040 2402 1045 2458 Ι
1073 2404 1109 2444 k.
1141 2403 1328 2456 Augustis
1364 2403 1406 2443 C.
1438 2399 1609 2459 Minilcio
1639 2399 1833 2441 Fundano
1864 2403 1904 2439 et
1927 2396 1937 2452 Ι
1962 2395 2006 2437 C.

295 2467 509 2509 Vettennio
540 2467 697 2526 Selvero
729 2472 827 2512 cos.²

409 2534 551 2578 Romae,
575 2539 648 2570 iam
676 2538 810 2571 Oxonii
834 2538 907 2581 (VI
925 2540 992 2573 650
1017 2538 1109 2571 vidit
1125 2538 1320 2582 Huebner).
1336 2556 1382 2563 —-
1407 2539 1440 2580 1)
1466 2535 1650 2570 Sodalieio
1673 2536 1760 2575 eius,
1784 2543 1833 2568 sc.
1853 2531 2007 2573 Silvani,

410 2671 527 2718 3542
572 2684 747 2730 [Terplio
773 2687 938 2730 templum
959 2687 965 2731 Ι
987 2686 1160 2729 [Silvano]
1192 2696 1234 2719 ex
1256 2685 1333 2719 viso
1357 2695 1376 2718 a
1401 2683 1477 2718 solo
1501 2681 1672 2726 inpendiis
1691 2679 1699 2726 Ι
1721 2681 1819 2723 [suis]
1844 2678 2008 2720 restituit,

299 2743 448 2778 Colonus
465 2744 607 2791 A11[c]es
632 2748 774 2782 nutricis
798 2748 880 2782 fecit
904 2749 1080 2783 conserv.²
1112 2741 1119 2800 Ι
1156 2745 1314 2785 Silvano
1347 2741 1355 2798 Ι
1391 2748 1528 2783 sancto
1558 2751 1671 2780 sacro
1702 2741 1785 2789 (sic)
1819 2737 1826 2794 Ι
1861 2737 2008 2778 Larum

300 2806 475 2849 Caesaris
502 2808 509 2864 Ι
535 2823 575 2850 n.
606 2817 646 2851 et
675 2811 816 2864 collegi
845 2810 1021 2869 malgni²‚
1055 2813 1126 2853 Cn.
1144 2812 1344 2865 Turpilius
1369 2808 1377 2867 Ι
1402 2809 1641 2862 Trophimus
1669 2812 1758 2847 voto
1785 2805 1792 2860 Ι
1818 2810 2007 2858 succepto

299 2887 404 2916 aram
431 2874 437 2931 Ι
465 2878 512 2917 de
542 2892 614 2919 suo
645 2879 683 2919 d.
714 2880 752 2920 d.

414 2943 546 2977 Romae
569 2957 643 2989 rep.
666 2948 706 2979 in
729 2949 879 2990 regione
906 2947 1176 2982 Transtiberina
1202 2945 1355 2988 (V1692
1381 2943 1645 2986 descripserunt
1664 2940 1818 2975 Smotcus
1842 2938 2007 2982 aliique).

299 3015 346 3022 —
373 3002 404 3042 l)
430 3000 624 3036 Conservis.
674 3003 835 3037 Celerum
867 3005 953 3037 haee
988 3006 1044 3045 (in
1071 3004 1213 3047 plintho
1246 3003 1341 3036 basis
1374 3003 1416 3034 ut
1445 2998 1606 3043 videtur)
1637 3000 1764 3041 postea
1797 2995 1932 3029 addita.
1961 3012 2010 3019 -

303 3059 336 3100 2)
362 3059 453 3092 Vide
477 3058 525 3090 ad
548 3058 593 3092 N.
617 3061 722 3094 5545.
