2092 3360
510 173 626 211 Tituli
649 173 746 211 sacri
770 176 808 210 et
831 173 1071 210 sacerdotum.
1090 194 1133 199 —
1158 174 1327 220 Virgines
1351 174 1530 212 Vestales.
1798 176 1879 215 253

170 281 254 330 rius
284 288 526 331 Callistratus
557 302 591 330 ν.
621 290 671 330 e.¹
709 289 898 342 suffragio
940 288 1024 329 eius
1060 290 1186 330 factus
1225 302 1335 342 proc.
1367 298 1435 335 rat.
1470 304 1610 334 summ.
1642 292 1880 345 privatarum

170 358 498 399 bibliothecarum
529 357 695 410 Augusti
726 356 796 405 Β),
828 364 866 398 et
895 364 1133 410 procurator
1162 358 1259 399 eius.

285 446 399 494 4929
439 449 619 502 Campiae
641 449 851 489 Severinae
882 461 916 491 v.
938 448 982 489 V.
1014 462 1127 497 max..
1158 449 1426 490 sanctissimae
1456 449 1775 503 benignissimae,
1806 464 1882 504 pro

171 516 339 558 conlatis
369 517 410 557 in
441 530 484 558 se
505 517 710 558 beneficiis
732 522 904 569 equestr.
927 517 1013 557 ord.
1034 517 1127 558 item
1148 518 1345 558 secundae
1369 517 1561 567 militiae⁸‚
1584 519 1772 561 Aemilius
1789 520 1884 561 Par-

170 585 276 625 dalas
306 585 415 625 trib.⁴
445 586 571 626 coh.l
604 585 861 638 Aquitanicae
893 585 1014 636 petito
1046 585 1131 627 eius
1161 591 1337 627 ornatus.
1377 595 1437 640 (ln
1459 596 1585 641 latere)
1613 587 1790 628 dedicata
1811 587 1884 629 llll

171 653 259 693 idus
290 653 408 694 Maias
438 653 586 694 Sabino
619 653 651 693 ll
684 659 723 693 et
752 650 962 710 Venus[t]o
993 654 1090 694 cos.⁸

285 719 418 754 Romae
446 731 521 763 rep.
553 731 586 755 α.
610 720 693 754 4497
719 715 775 753 ‘in
805 722 924 753 ruinis
955 720 1078 764 templi
1101 715 1260 762 Vestae',
1289 722 1315 755 i.
1333 732 1360 755 e.
1388 723 1427 754 in
1457 719 1541 761 soro
1573 721 1734 756 Romano
1764 723 1884 757 eodem

171 777 249 811 loeo
274 787 344 820 quo
367 776 413 812 Ν.
429 778 518 811 4924
530 788 600 820 seq.
619 777 673 822 (V
671 778 689 810 1
703 777 807 811 2152.
824 777 914 812 2454
931 777 1040 810 semel
1054 777 1280 821 descriptae).
1298 795 1344 802 —-
1371 778 1402 819 1)
1428 777 1496 811 Vir
1512 780 1689 820 egregius.
1702 799 1746 804 —
1770 781 1806 822 2)
1832 779 1885 820 Gr.

171 831 379 873 Hirschfeld
402 833 519 867 Ver-w.
542 834 560 867 4
582 844 620 876 p.
640 834 715 867 490.
750 853 795 858 -
833 835 866 876 3)
893 832 945 874 CII
972 833 1166 867 Mommsen
1190 833 1344 869 staatsr.
1370 834 1429 867 III
1445 845 1481 878 p.
1504 835 1574 869 543
1597 838 1670 868 not.
1686 837 1718 869 4.
1765 835 1885 879 Supra

170 890 216 926 Ν.
231 890 319 924 2749
332 894 395 924 eet.
422 910 464 915 —
489 892 525 931 4)
553 889 764 925 Tribunatu.
788 910 833 916 —
859 893 893 925 5)
915 891 959 924 Α.
975 891 1053 924 240.

286 981 403 1027 4930
444 984 594 1024 Flaviae
615 984 658 1024 L.
680 984 733 1024 fil.
761 984 766 1038 Ι
795 982 992 1023 Publiciae
1021 978 1057 1022 v.
1079 971 1124 1022 V.
1145 995 1245 1023 max.
1275 980 1281 1036 Ι
1307 984 1576 1024 sanctissimae
1606 983 1882 1039 piissimaeq.‚}

171 1053 285 1093 cuius
313 1052 599 1092 sanctissimam
631 1058 671 1092 et
696 1051 701 1106 Ι
730 1051 951 1104 religiosam
983 1063 1118 1091 curam
1148 1055 1312 1100 sacror„
1340 1050 1345 1105 Ι
1373 1064 1491 1104 quam
1522 1065 1596 1105 per
1626 1065 1766 1093 omnes
1796 1066 1886 1106 gra-

171 1119 276 1174 dus}
312 1120 520 1160 sacerdotii
550 1120 733 1160 laudabili
764 1116 1116 1174 admilnistratione
1147 1124 1346 1171 operatur,
1388 1132 1537 1160 numen
1574 1119 1579 1175 Ι
1621 1122 1888 1162 sanctissimae

171 1189 311 1229 Vestae
342 1188 477 1228 matris
503 1185 510 1241 Ι
544 1187 828 1240 comprobavit,
855 1186 860 1242 Ι
889 1186 1052 1228 Aemilia
1083 1187 1275 1240 Rogatilla
1307 1200 1341 1228 c.
1372 1189 1428 1237 f.¹‚
1468 1189 1617 1229 sororis
1647 1189 1716 1238 fil„
1752 1187 1759 1244 Ι
1796 1202 1887 1230 cum

173 1258 347 1299 Minucio
370 1256 573 1296 Honorato
596 1255 777 1296 Marcello
804 1257 811 1307 Ι
838 1256 1055 1296 Aemiliano
1087 1268 1120 1295 c.
1142 1256 1211 1309 p.²‚
1243 1256 1322 1296 filio
1353 1269 1439 1306 suo,
1467 1255 1472 1311 Ι
1507 1255 1558 1296 ob
1589 1257 1770 1297 eximiam
1803 1258 1887 1299 eius

174 1337 266 1377 erga
296 1337 338 1365 se
370 1321 376 1378 Ι
410 1323 608 1376 pietatem.
655 1333 715 1377 (In
740 1333 852 1366 latere
874 1333 1020 1378 deaetro)
1051 1323 1144 1364 col-³
1165 1325 1195 1363 V
1225 1324 1276 1365 id.
1307 1324 1379 1366 Iul.
1415 1325 1420 1380 Ι
1457 1325 1521 1365 dd.
1554 1338 1624 1365 nn.
1655 1321 1763 1381 i[mp.
1795 1325 1887 1366 Phi-

172 1389 315 1449 lippo]⁴
346 1395 444 1445 Aug.
466 1391 501 1431 ll
533 1398 572 1431 et
597 1390 604 1444 Ι
633 1388 864 1448 [Phili-ppo]⁴¹
894 1392 1004 1432 Caes.
1036 1404 1117 1432 cos.

286 1481 400 1528 4931
443 1483 501 1522 Fl.
523 1482 722 1523 Publiciae
753 1495 786 1522 v·
808 1482 853 1523 V.
875 1496 975 1524 max.
1004 1481 1010 1538 Ι
1036 1483 1304 1525 sanctissimae
1335 1495 1380 1524 ac
1409 1482 1753 1540 refigiosislsimae,
1786 1498 1887 1538 quae

173 1566 248 1608 per
276 1565 417 1593 omnes
446 1550 593 1604 gradus
620 1548 626 1603 Ι
652 1551 861 1592 sacerdotii
894 1559 989 1605 aput
1019 1552 1148 1592 divina
1179 1551 1316 1592 altaria
1343 1549 1348 1606 Ι
1376 1552 1554 1593 omnium
1585 1553 1751 1594 deorum
1782 1555 1888 1594 etad

173 1628 359 1664 aeternos
388 1621 502 1673 ignes
527 1617 532 1673 Ι
560 1617 701 1659 diebus
732 1619 998 1672 noctibusque
1028 1621 1091 1673 pia
1116 1626 1248 1660 mente
1278 1620 1353 1660 rite
1380 1618 1386 1675 Ι
1413 1620 1640 1662 deserviens
1670 1622 1810 1662 merito
1842 1623 1889 1661 ad

173 1691 284 1733 hunc
318 1688 326 1744 Ι
358 1690 490 1730 locum
522 1699 613 1728 cum
645 1693 770 1727 aetate
799 1688 994 1741 pervenit,
1029 1688 1036 1744 Ι
1072 1688 1234 1728 Bareius
1265 1688 1422 1729 Zoticus
1453 1701 1543 1729 cum
1575 1688 1704 1730 Flavia
1732 1687 1738 1743 Ι
1769 1690 1888 1731 Vere-

174 1758 304 1799 cunda
334 1770 404 1798 sua
434 1756 485 1796 ob
517 1755 698 1796 eximiam
728 1756 812 1796 eius
839 1754 844 1811 Ι
873 1768 967 1809 erga
997 1769 1040 1798 se
1069 1756 1380 1797 henibolentiam
1411 1757 1729 1810 praestantiamq.
1763 1769 1822 1809 (1η
1839 1768 1890 1800 ια-

175 1839 252 1870 tere
274 1837 439 1877 sinistro)
472 1823 649 1864 dedicata
680 1836 741 1876 pr.
772 1823 847 1864 kal.
880 1824 968 1865 Oct.
995 1823 1003 1878 Ι
1029 1825 1094 1865 dd.
1126 1837 1195 1865 nn.
1227 1825 1435 1865 Valeriano
1466 1824 1566 1877 Aug.
1597 1825 1669 1865 1111
1701 1832 1739 1866 et
1765 1825 1771 1880 Ι
1798 1826 1890 1866 Gal-

174 1894 281 1935 lieno
310 1894 410 1945 Aug.
433 1892 487 1932 111
518 1892 636 1932 coss.⁶

287 1981 402 2027 4932
440 1982 593 2022 Flaviae
610 1982 655 2022 L.
671 1983 699 2021 f.
716 1982 919 2022 Publiciae
945 1980 952 2036 Ι
978 1981 1183 2033 religiosae
1210 1980 1216 2036 Ι
1243 1983 1461 2023 sanctitatis
1481 1996 1515 2025 v.
1533 1983 1576 2024 V.
1599 1996 1715 2033 max„
1743 1981 1750 2039 Ι
1776 1984 1890 2024 cuius

175 2051 374 2104 egregiam
404 2062 561 2091 morum
595 2050 603 2103 Ι
637 2050 885 2103 disciplinam
917 2056 956 2090 et
990 2049 995 2103 Ι
1032 2049 1072 2089 in
1103 2050 1226 2090 sacris
1256 2050 1533 2102 peritissimam
1569 2050 1575 2106 Ι
1617 2052 1890 2104 operationem

176 2119 319 2159 merito
347 2116 354 2171 Ι
380 2131 444 2159 res
464 2119 621 2171 publica
643 2119 683 2159 in
704 2119 788 2159 dies
814 2117 822 2172 Ι
847 2118 1014 2158 feliciter
1033 2118 1163 2164 sentit,
1192 2115 1197 2171 Ι
1225 2117 1365 2171 Ulpius
1380 2118 1505 2160 Verus
1526 2126 1565 2160 et
1584 2120 1717 2160 Aurel.
1744 2118 1751 2174 Ι
1778 2119 1891 2161 Titus

174 2196 226 2233 77
255 2187 453 2240 deputati⁰
479 2185 485 2241 Ι
513 2187 563 2227 ob
594 2186 775 2227 eximiam
806 2186 890 2227 eius
921 2197 1013 2238 erga
1044 2198 1086 2226 se
1113 2182 1118 2240 Ι
1145 2186 1452 2227 benivolentiam
1479 2185 1487 2241 Ι
1512 2200 1550 2240 g.
1580 2188 1637 2240 p.⁷

290 2275 407 2322 4933
453 2277 510 2317 Fl.
534 2277 734 2318 Publiciae
761 2275 766 2331 Ι
793 2276 1062 2318 sanctissimae
1088 2273 1096 2330 Ι
1122 2288 1168 2316 ac
1197 2276 1395 2330 piissimae
1420 2275 1426 2332 Ι
1453 2275 1490 2317 v.
1515 2261 1557 2318 V.
1588 2290 1702 2327 max„
1731 2277 1737 2334 Ι
1764 2278 1810 2318 Τ.
1831 2278 1890 2318 Fl.

177 2346 378 2399 Apronius
405 2345 410 2400 Ι
436 2346 552 2386 fictor
581 2341 614 2385 v.
646 2330 707 2384 V.⁸
733 2344 739 2398 Ι
767 2344 842 2384 1οοί
873 2344 1050 2394 secundi,
1085 2344 1091 2398 Ι
1130 2345 1382 2397 dignissimae
1409 2343 1414 2399 Ι
1442 2358 1487 2386 ac
1516 2344 1891 2402 praestantissilmae

177 2419 368 2467 patronae
394 2412 401 2466 Ι
427 2426 517 2454 cum
548 2414 641 2454 suis.

290 2479 423 2513 Romae
446 2492 522 2524 rep.
548 2491 621 2514 una
647 2490 727 2513 eum
752 2477 797 2513 N.
817 2479 904 2512 4924
929 2478 1001 2519 (VJ
1020 2479 1142 2514 52444.
1165 2480 1288 2514 52446.
1312 2480 1436 2514 52445.
1459 2481 1575 2514 52448
1605 2481 1696 2514 vidit
1719 2481 1892 2522 Huelsen5

176 2535 357 2570 Lanatam·
379 2535 521 2570 Notizie
536 2538 626 2571 4885
645 2547 683 2579 p.
699 2537 765 2569 450
777 2535 876 2580 seq).
893 2553 938 2560 —
965 2536 996 2576 1)
1024 2535 1231 2570 Clarissima
1248 2535 1397 2576 femina.
1414 2556 1459 2561 —-
1484 2538 1518 2579 2)
1545 2537 1750 2571 Clarissimo
1763 2547 1889 2580 puero.

176 2611 222 2618 —-
246 2594 282 2635 3)
307 2591 499 2628 Collocata.
522 2612 566 2618 —
590 2595 625 2635 4)
652 2592 713 2627 Sic
730 2592 886 2635 explevit
900 2590 1123 2626 Lam-iunius
1145 2595 1292 2627 nomina
1309 2595 1567 2636 imperatorum
1584 2604 1705 2634 erasa,
1729 2592 1891 2634 referens

176 2650 226 2683 ad
248 2659 384 2683 omnum
405 2650 482 2684 247.
514 2669 556 2674 -
589 2651 622 2692 5)
647 2651 690 2683 Α.
707 2650 785 2683 257.
817 2668 862 2673 -
891 2647 928 2693 6)
955 2647 1009 2688 Cf.
1034 2659 1143 2692 supra
1168 2648 1214 2683 N.
1230 2651 1319 2684 2669
1341 2653 1416 2684 noe.
1433 2651 1463 2684 4.
1488 2669 1533 2675 -
1565 2653 1598 2692 7)
1624 2650 1744 2684 Gratis
1757 2649 1805 2695 (Y)
1825 2660 1891 2693 po-

175 2709 334 2740 metunt.
357 2725 402 2732 —
428 2708 462 2749 8)
488 2705 544 2747 Cf.
568 2717 679 2750 supra
703 2705 750 2739 Ν.
766 2706 853 2739 4926
877 2707 950 2739 not.
967 2705 998 2739 4.

289 2796 405 2844 4934
455 2798 512 2839 Fl.
545 2799 743 2839 Publiciae
773 2811 808 2838 v.
840 2798 883 2837 V.
915 2810 1029 2847 max„
1071 2797 1077 2852 Ι
1119 2799 1258 2839 merito
1289 2800 1558 2840 sanctissimae
1593 2812 1638 2839 ac
1669 2797 1891 2855 piissimae,

178 2878 278 2918 quae
299 2867 374 2908 rite
396 2873 435 2907 et
454 2867 632 2920 pervigili
662 2864 1015 2922 adminisltratione
1047 2878 1186 2908 omnes
1215 2867 1360 2920 gradus
1390 2868 1504 2908 laude
1530 2866 1537 2921 Ι
1563 2867 1759 2907 cumulata
1780 2879 1890 2908 sacra

177 2946 248 2975 sua
277 2941 459 2975 venerata
486 2933 602 2990 νὶΙνίῐ,
634 2942 677 2975 ut
707 2935 899 2976 saeculari
931 2941 1057 2975 aetate
1088 2935 1308 2976 ministerio
1344 2933 1350 2989 Ι
1384 2936 1482 2976 adsit
1512 2942 1552 2975 et
1581 2935 1622 2975 in
1655 2935 1787 2975 sutoro
1805 2938 1890 2983 (sic)

178 3009 416 3054 perseveret,
442 3002 448 3058 Ι
477 3004 525 3051 Q.
547 3004 759 3045 Terentius
780 3004 907 3044 Rufus
932 3010 972 3044 et
992 3003 1136 3044 Caenia
1163 3005 1170 3057 Ι
1195 3003 1405 3045 Verissima
1435 3009 1620 3057 parentes
1646 3002 1652 3058 Ι
1680 3002 1892 3044 Terentiae

180 3068 345 3110 Rufillae
374 3083 407 3110 v.
439 3071 513 3120 V.¹‚
547 3069 554 3124 Ι
594 3071 707 3113 cuius
736 3072 849 3113 multi
888 3072 1079 3125 temporis
1108 3072 1326 3113 bonitatem
1367 3071 1373 3127 Ι
1416 3079 1455 3112 et
1485 3071 1768 3112 humanitatem
1807 3071 1893 3112 eius
