2092 3360
585 163 699 199 Tituli
722 160 977 209 municipales.
1001 182 1048 189 —
1072 162 1150 199 Lex
1175 161 1403 199 Ursonensis.
1763 161 1844 200 507

135 279 199 329 sit,
229 279 262 320 is
291 279 330 320 in
364 291 408 320 ea
439 279 514 319 coi.
545 290 672 332 augur
700 279 842 332 pontif.
874 278 1037 319 decurio
1069 290 1119 319 ne
1150 276 1261 333 eslto,
1294 277 1408 330 quive
1419 275 1450 298 ⁸⁷
1478 267 1591 319 iiviri
1620 278 1662 319 in
1693 289 1739 318 ea
1770 277 1846 318 col.

135 353 267 394 erunt.
308 347 393 389 eius
425 359 570 388 nomen
614 346 662 387 de
692 345 995 402 decurioflnibus
1033 346 1384 409 sacerdotibusque
1423 346 1471 387 de
1501 345 1644 387 tabulis
1674 344 1844 399 publicis

134 415 385 456 eximendum
413 413 420 470 Ι
448 422 628 463 cui-anto,
659 428 699 455 u.
729 428 767 468 q.
798 428 830 456 r.
862 415 888 456 f.
922 428 957 456 e.
987 413 1068 463 V.⁸⁸,
1112 415 1193 467 idq.
1224 427 1292 456 eos
1322 414 1428 455 IIvir.
1459 428 1490 455 s.
1521 415 1548 454 f.
1578 413 1628 455 s.²
1656 415 1683 454 f.
1714 411 1774 454 1.⁸⁹

247 495 364 536 XCII.
423 496 532 536 liviri
564 494 806 548 quicumque
835 494 875 535 in
908 507 951 534 ea
984 494 1114 535 colon.
1147 506 1249 546 mag.
1281 493 1497 541 habebunt,
1528 494 1563 534 ei
1594 493 1642 535 de
1666 491 1844 549 legatio!-

134 563 251 604 nibus
282 563 440 617 publice
470 563 673 604 mittendis
701 563 749 604 ad
779 563 1016 604 decuriones
1047 565 1266 611 referunto,
1296 574 1388 604 cum
1414 562 1420 617 Ι
1449 575 1500 602 m.
1531 560 1607 615 p.⁹⁰
1637 563 1843 604 decurion.

131 632 217 673 eius
246 633 378 673 colon.
408 632 545 681 aderit,
577 638 753 684 quotque
784 631 832 672 de
863 631 925 672 his
955 631 1075 672 rebus
1102 629 1108 685 Ι
1135 631 1260 671 maior
1279 642 1370 684 pars
1400 643 1538 670 eorum
1571 632 1639 684 qui
1659 637 1744 672 tum
1774 631 1842 671 ad-

132 706 251 741 erunt
281 699 546 747 constituerit,
575 698 581 754 Ι
607 700 636 739 it
666 700 727 740 ius
756 706 964 752 ratumque
997 706 1094 740 esto.
1155 700 1362 752 Quamque
1392 699 1632 752 legationem
1668 712 1716 740 ex
1747 700 1784 742 h.
1817 701 1842 741 1.

130 781 177 809 ex
198 781 243 808 ve
269 766 276 824 Ι
302 769 339 808 d.
361 766 445 817 d.⁹¹‚
475 775 574 821 quot
595 781 642 808 ex
662 769 735 808 hac
750 768 837 820 Iege
857 770 1002 809 sactum
1023 768 1111 816 erit,
1134 767 1246 808 obire
1267 768 1490 820 oportuerit
1516 766 1521 821 Ι
1548 780 1679 820 neque
1700 768 1843 808 obierit

130 837 198 889 qui
228 836 354 877 lectus
384 837 471 884 erit,
510 836 543 877 is
573 848 647 889 pro
677 849 720 877 se
750 837 935 877 vicarium
966 850 1014 878 ex
1044 850 1091 877 eo
1134 834 1140 891 Ι
1181 837 1333 886 ordine,
1373 837 1429 877 uti
1460 837 1532 877 hae
1563 837 1649 889 lege
1689 835 1842 879 de.ve⁹²

132 901 305 962 [decreto]
317 903 348 925 ⁹³
378 905 415 946 d.
447 903 532 956 o.⁹⁴,
573 907 677 947 dato.
736 906 784 946 Ni
813 906 866 946 ita
896 905 1060 955 dederit,
1099 906 1141 946 in
1169 903 1276 959 l'res
1303 906 1418 959 sing„
1457 906 1643 959 quotiens
1672 905 1726 945 ita
1757 918 1838 946 nou

128 975 283 1023 fecerit,
315 974 380 1014 HS
409 974 520 1015 choo
550 975 681 1015 colon.
712 972 921 1029 huliusque
951 974 1026 1015 col.
1057 975 1094 1015 d.
1125 974 1163 1014 d.
1195 972 1264 1014 e.⁶⁷
1302 974 1467 1026 eiusque
1498 974 1692 1026 pecuniae
1731 973 1795 1014 cui
1813 973 1841 993 ¹¹

127 1042 233 1083 volet
262 1042 400 1095 petitio
426 1039 433 1097 Ι
460 1043 764 1095 persecutioque
795 1049 893 1084 esto.

241 1122 375 1163 XCIII.
427 1122 676 1175 Quicumque
707 1112 802 1163 fivir
831 1129 921 1176 post
952 1123 1082 1164 colon.
1114 1125 1320 1164 deductam
1349 1124 1473 1164 factus
1503 1130 1706 1164 creatusve
1732 1123 1738 1176 Ι
1765 1124 1840 1164 erit

127 1190 242 1243 quive
271 1188 430 1243 praef-⁹⁵
460 1191 527 1243 qui
539 1188 570 1210 ⁹⁶
599 1191 646 1231 ab
673 1181 783 1231 Tlvir.
815 1203 836 1231 e
857 1191 944 1244 lege
974 1192 1091 1232 huius
1112 1193 1292 1232 coloniae
1313 1189 1487 1246 relicltus
1508 1192 1595 1241 erit,
1626 1192 1659 1233 is
1680 1192 1838 1232 deloco

126 1258 285 1311 publico
306 1271 404 1300 neve
423 1272 498 1313 pro
519 1259 608 1300 loco
631 1259 792 1312 publico
814 1272 913 1300 neve
940 1258 946 1315 Ι
972 1259 1021 1300 ab
1042 1261 1286 1314 redemptori
1302 1265 1386 1310 (sic)
1411 1260 1595 1312 mancipe
1616 1258 1839 1313 praed.ve⁹⁷

124 1326 275 1367 donum
307 1339 453 1369 munus
482 1328 707 1368 mercedem
740 1325 746 1382 Ι
787 1327 929 1368 aliutve
960 1328 1054 1381 quid
1085 1329 1218 1383 kapito
1250 1343 1348 1370 neve
1379 1329 1546 1382 accipito
1579 1341 1677 1368 neve
1707 1329 1837 1375 facito,

124 1406 204 1446 quo
238 1393 244 1449 Ι
280 1395 376 1447 quid
407 1409 453 1436 ex
484 1408 528 1436 ea
568 1409 611 1436 re
643 1402 682 1436 at
711 1409 753 1437 se
783 1409 995 1438 suorumve
1034 1410 1151 1450 quem
1183 1399 1399 1450 perveniat.
1460 1397 1536 1444 Qui
1567 1393 1758 1448 atlversus
1794 1410 1836 1437 ea

124 1463 279 1511 fecerit,
310 1462 343 1504 is
372 1463 437 1505 HS
458 1463 568 1504 ccloo
599 1464 711 1504 ccloo
750 1477 783 1508 c,
809 1478 842 1505 c.
866 1466 911 1506 G.
942 1463 1049 1507 1u1.⁶⁷
1077 1466 1114 1506 d.
1135 1466 1172 1506 d.
1195 1464 1276 1516 e.⁶⁷,
1316 1467 1480 1519 eiusque
1511 1465 1704 1519 pecuniae
1735 1465 1836 1505 cui¹¹

123 1526 261 1587 vo[l]et
290 1531 427 1585 petitio
457 1532 763 1585 persecutioque
795 1540 892 1574 esto.

236 1598 391 1640 XCIIII.
449 1600 508 1641 Ne
538 1601 628 1653 quis
636 1601 699 1663 —in
730 1602 803 1642 hac
833 1603 961 1647 colon.
995 1604 1056 1644 ius
1086 1604 1205 1644 dicito
1243 1616 1342 1644 neve
1372 1605 1486 1646 cuius
1520 1605 1561 1645 in
1593 1618 1636 1645 ea
1668 1605 1797 1646 colon.
1827 1602 1833 1659 Ι

122 1666 221 1708 iuris
250 1666 369 1708 dictio
400 1675 484 1709 esto
525 1669 600 1709 nisi
630 1669 770 1709 11vir.⁹⁸
809 1676 877 1711 aut
925 1684 1044 1723 quem
1078 1662 1237 1713 fiviri⁹⁹
1272 1671 1448 1726 praef.¹⁰⁰
1473 1671 1480 1728 Ι
1506 1673 1730 1725 reliquerit,
1769 1679 1836 1713 aut

122 1734 250 1783 aedil„
280 1735 338 1775 uti
360 1735 398 1777 h.
423 1736 448 1776 I.
470 1734 570 1777 o.¹⁰¹.
631 1737 736 1778 Neve
767 1738 855 1790 quis
886 1751 960 1791 pro
992 1751 1038 1779 eo
1065 1738 1071 1791 Ι
1098 1738 1238 1794 imper.
1269 1747 1501 1794 potestat.ve
1516 1738 1561 1759 ¹⁰²
1590 1740 1722 1789 facito,
1754 1753 1834 1792 quo

122 1803 211 1855 quis
240 1803 279 1843 in
313 1815 359 1843 ea
388 1804 543 1845 colonia
571 1802 576 1859 Ι
603 1805 665 1846 ius
694 1805 810 1853 dicat,
843 1806 918 1847 nisi
950 1819 1067 1858 quem
1100 1819 1147 1846 ex
1178 1807 1217 1846 h.
1249 1807 1273 1847 l.
1305 1807 1435 1848 dicere
1467 1810 1762 1861 oportericeic).

236 1882 347 1924 XCV.
406 1884 483 1930 Qui
513 1885 800 1937 reciperatores
829 1886 908 1926 dati
939 1893 1070 1935 erunt,
1101 1887 1135 1927 si
1166 1899 1212 1926 eo
1243 1887 1307 1927 die
1338 1900 1416 1939 quo
1446 1888 1541 1929 iussi
1572 1896 1691 1928 erunt
1717 1886 1722 1943 Ι
1752 1901 1832 1928 non

122 1951 366 1999 iudicabunt,
395 1942 493 1992 I—Ivir
521 1949 787 2009 prae[f.]ve¹⁰³
817 1954 884 1993 ubi
916 1967 949 1994 e.
981 1953 1064 1994 [2¹⁰⁴
1100 1953 1186 1994 a.¹⁰⁵
1222 1967 1290 1995 eos
1320 1954 1453 1995 rec.²⁰⁶
1479 1958 1485 2006 1
1520 1969 1691 2009 eumque
1722 1957 1834 1997 cuius

122 2031 186 2059 res
215 2018 301 2058 a.¹⁰⁵
330 2020 467 2060 adesse
497 2020 630 2060 iubeto
660 2021 844 2073 diemque
874 2018 1037 2076 cersstum
1068 2023 1202 2070 dicito,
1235 2035 1314 2074 quo
1336 2023 1397 2063 die
1418 2024 1551 2072 atsint‚
1583 2037 1709 2077 usque
1730 2032 1832 2072 uteo,

122 2087 215 2126 dum
246 2100 280 2127 e.
312 2086 390 2127 r.¹⁰⁴
429 2085 435 2142 Ι
463 2088 630 2128 iudicata
657 2089 742 2135 erit,
780 2090 990 2142 facitoque,
1028 2091 1086 2130 uti
1116 2103 1150 2130 e.
1183 2103 1215 2130 r.
1246 2091 1287 2130 in
1318 2091 1458 2132 diebus
1486 2091 1557 2132 XX
1582 2091 1588 2147 Ι
1615 2094 1832 2145 proxumis,

123 2155 268 2207 quibus
298 2156 335 2195 d.
357 2168 391 2195 e.
413 2154 497 2195 r.¹⁰⁷
525 2154 658 2196 rec.¹⁰⁶
687 2157 764 2197 dati
795 2158 937 2199 iussive
968 2156 1099 2214 eli-unt
1129 2158 1314 2208 iudicare,
1347 2158 1530 2209 iudic.¹⁰⁸‚
1561 2174 1601 2201 u.
1622 2174 1659 2214 q.
1681 2174 1714 2201 r.
1746 2162 1772 2201 f.
1796 2174 1828 2205 e.

121 2222 193 2263 v.⁸⁰
250 2223 511 2276 Testibusque
538 2223 544 2277 Ι
570 2223 611 2263 in
634 2236 718 2264 eam
750 2237 834 2265 rem
865 2225 1023 2278 publice
1053 2226 1147 2266 dum
1167 2223 1312 2284 ta[ae]at
1340 2227 1430 2269 h.¹⁰⁹
1458 2229 1546 2278 XX,
1579 2230 1647 2282 qui
1667 2230 1799 2271 colon.
1822 2227 1828 2285 Ι

122 2291 322 2332 incolaeve
353 2298 483 2340 erunt,
515 2291 660 2344 quibus
690 2291 807 2333 his²¹⁰
837 2294 905 2346 qui
935 2307 1018 2334 rem
1043 2293 1308 2350 quaere'rem
1336 2297 1452 2346 volet,
1484 2298 1743 2338 denuntietur
1773 2299 1831 2339 fa-

123 2359 214 2400 cito.
274 2360 469 2413 Quibusq.
501 2361 553 2401 ita
585 2358 868 2415 tes'timonium
899 2364 1170 2404 renuntiatum
1185 2363 1230 2384 ¹²²
1260 2366 1334 2406 erit
1354 2367 1502 2419 quique
1527 2367 1569 2407 in
1590 2363 1831 2423 tesltimonio

122 2427 291 2468 dicendo
330 2429 522 2469 nominati
561 2436 699 2478 erunt,
744 2437 893 2480 curato,
934 2429 941 2486 Ι
982 2432 1038 2472 uti
1076 2439 1114 2472 at
1149 2433 1179 2473 it
1218 2434 1405 2474 iudicium
1443 2435 1576 2475 atsint.
1636 2435 1830 2475 Testimo-

124 2496 289 2549 niumq.,
316 2495 323 2552 Ι
349 2498 381 2538 si
403 2497 491 2549 quis
513 2497 598 2549 quit
618 2510 752 2539 earum
774 2511 866 2547 rer.,
897 2511 998 2551 quae
1027 2512 1092 2540 res
1121 2506 1204 2541 tum
1237 2500 1400 2558 ageltur,
1430 2503 1528 2543 sciet
1557 2509 1624 2543 aut
1649 2502 1829 2550 audierit,

123 2564 275 2605 iuratus
304 2565 407 2605 dicat
436 2563 579 2619 sacilto,
613 2566 667 2606 uti
690 2579 727 2619 q.
749 2579 782 2606 r.
804 2567 830 2606 s.
852 2579 885 2607 e.
907 2566 988 2617 v.’⁰,
1020 2567 1111 2608 dum
1145 2581 1195 2609 ne
1228 2570 1392 2610 omnino
1423 2571 1592 2622 amplius
1617 2570 1623 2625 Ι
1651 2568 1741 2610 h.²¹³
1760 2569 1830 2611 XX

236 2689 294 2730 8¹1)
317 2688 395 2725 Ser.
420 2689 561 2734 quique.
585 2708 630 2714 -—
655 2690 711 2732 88)
739 2689 794 2724 Uet
818 2690 915 2733 quod
936 2693 1031 2723 recle
1052 2690 1192 2730 factum
1217 2703 1290 2725 esse
1313 2692 1442 2727 volent.
1466 2711 1513 2718 —
1543 2694 1600 2735 89)
1623 2693 1760 2727 Facere
1786 2694 1830 2726 12·-

122 2746 211 2778 ceto.
248 2763 291 2769 -—
330 2746 388 2787 90)
411 2745 532 2779 Maior
553 2757 651 2790 pars.
685 2764 732 2772 —
767 2747 824 2787 91)
848 2746 1091 2780 Decvrionvm
1116 2748 1268 2782 decreto.
1298 2768 1344 2773 —
1381 2751 1438 2791 92)
1463 2749 1760 2784 Decurionumve.
1784 2769 1829 2775 —

123 2799 180 2842 93)
203 2799 340 2835 decreto
358 2801 454 2835 deest
467 2804 507 2835 in
524 2813 617 2837 aere.
633 2822 677 2827 —
702 2804 760 2845 94)
775 2803 870 2836 Dan·
891 2805 1041 2845 oportet.
1057 2822 1102 2828 —
1125 2806 1182 2846 95)
1209 2803 1263 2844 Cf.
1281 2805 1473 2839 Mommsen
1489 2806 1579 2849 ΕρΙι.
1597 2817 1650 2850 ep.
1664 2807 1688 2840 2
1703 2817 1740 2850 p.
1756 2807 1829 2841 146.

122 2874 168 2880 —
190 2857 249 2899 96)
271 2857 357 2890 Dete
381 2858 452 2902 qui.
476 2878 522 2883 —
546 2861 604 2900 97)
628 2859 814 2893 praedone.
837 2878 883 2884 —
907 2860 965 2902 98)
990 2859 1156 2894 Duoviri.
1178 2879 1224 2885 —
1248 2863 1306 2903 99)
1331 2862 1408 2897 Sor.
1434 2861 1526 2896 IIvir.
1548 2882 1593 2887 —
1620 2864 1696 2905 100)
1722 2864 1830 2896 Prae-

122 2910 266 2952 fectum.
289 2933 335 2939 —
361 2916 439 2957 101)
464 2916 539 2949 Hae
562 2917 639 2959 lege
662 2917 848 2960 oportebit.
863 2936 908 2941 —
935 2917 1011 2957 102)
1037 2916 1191 2960 Imperio
1214 2921 1439 2961 potestateve.
1464 2937 1509 2943 —
1535 2921 1613 2962 103)
1639 2918 1828 2953 PRAENE

123 2979 192 3004 aee.
215 2989 262 2996 —
294 2972 372 3012 104)
396 2971 451 3004 Ea
474 2983 542 3006 ret.
565 2991 611 2997 —
643 2974 720 3015 105)
744 2974 889 3016 Agitur.
914 2991 957 2997 —
994 2974 1069 3015 106)
1093 2971 1371 3016 Reciperatom.
1393 2993 1440 3000 --
1466 2977 1544 3018 107)
1567 2975 1620 3008 De
1643 2987 1684 3009 ea
1709 2987 1759 3010 re.
1783 2995 1830 3002 -

125 3026 414 3065 menualia-etur.
432 3046 474 3053 -—
501 3030 579 3069 109)
597 3029 815 3063 Hominibus.
832 3048 876 3054 -
901 3031 981 3071 110)
998 3029 1074 3063 Ser.
1095 3030 1133 3063 is.
1151 3049 1196 3055 —
1222 3032 1302 3073 111)
1317 3031 1395 3067 Ser.
1414 3037 1565 3076 quaeret.
1582 3051 1627 3058 —
1654 3034 1732 3075 112)
1749 3032 1827 3068 Ser.

123 3079 369 3119 denuntiatum.
392 3103 438 3109 —
464 3086 542 3127 113)
565 3086 742 3121 Homines.
