2092 3360
12 2421 19 2428 .
13 2372 15 2374 .
0 2230 20 2319 '’r'‘

490 181 603 218 Tituli
629 191 779 227 opernm
803 180 1039 226 locorumque
1061 179 1302 226 publicorum.
1319 199 1363 205 —
1388 179 1662 225 Aqnaeductus.
1842 178 1923 216 427

327 299 368 332 In
394 297 568 332 Numidia
590 306 704 340 prope
728 296 903 329 Henschir
926 293 1120 335 Men-mina,
1151 296 1214 328 ubi
1237 294 1312 335 fuit
1337 294 1530 334 Lamasba,
1553 303 1646 336 rep.‚
1679 292 1824 326 tabulae
1844 303 1925 335 per-

213 366 368 398 magnae
397 355 585 398 reliquiae,
618 355 692 386 iam
715 353 858 395 Algerii
881 352 990 396 (Vm
1008 352 1106 388 4440.
1142 352 1234 387 7111
1254 352 1289 386 S.
1315 352 1424 385 18587
1454 350 1630 384 nonnulla
1654 349 1801 384 addidit
1831 348 1927 383 Gsell

210 413 305 446 rech.
332 413 432 446 arch.
456 422 500 445 en
523 408 670 454 Aega-io
692 420 728 454 p.
743 411 787 443 84
797 409 898 453 seq.).
923 428 969 434 —
995 410 1027 451 1)
1052 408 1196 449 Mirum,
1224 410 1477 452 imperatorem
1501 407 1548 441 M.
1573 406 1762 440 Aurelium
1786 409 1926 439 tantum

213 469 296 503 dici.
337 468 498 502 Ceterum
522 468 667 502 videtur
689 467 896 509 significari
919 466 1151 510 Elagabalus.
1174 484 1220 490 —
1244 466 1278 506 2)
1303 464 1490 509 Supplevit
1514 464 1656 497 Henzen
1682 463 1718 499 C.
1735 463 1763 498 1.
1781 463 1822 498 L.
1840 462 1929 496 7111

209 537 246 569 p.
262 527 339 560 956.
382 523 436 565 Cf.
452 535 564 568 supra
582 524 629 560 Ν.
644 525 711 559 473
727 529 801 558 not.
817 525 851 558 2.
875 543 918 549 -
942 526 976 565 3)
1002 523 1188 567 Supplevit
1211 522 1414 555 Mommsen.
1437 538 1482 546 -—
1505 522 1541 563 4)
1567 520 1692 554 Scalae
1714 519 1926 554 vocabulum

212 583 413 617 obscurum.
461 581 638 615 Similiter
668 581 752 614 aliis
779 581 869 614 loeis
898 580 1055 614 eiusdem
1079 579 1238 622 catalogi
1264 580 1438 621 scriptum
1467 580 1520 609 est
1546 577 1638 610 scala
1663 576 1719 617 111,
1751 576 1841 611 scala
1868 601 1924 611 ...

212 638 327 679 (scala
354 639 461 671 tertia
486 640 631 671 initium
656 638 784 671 habuit
806 649 840 672 a.
865 638 900 673 d.
927 637 997 671 711
1021 637 1091 671 kal.
1115 635 1236 678 Nom).
1272 653 1317 660 —
1354 637 1388 677 5)
1410 635 1458 668 25
1474 633 1582 677 Sept„
1615 634 1691 667 dies
1710 635 1852 676 primus
1873 644 1926 666 se-

211 696 378 729 menstris
402 696 545 728 hiberni
572 695 635 735 (24
654 695 748 737 Sept.
772 696 1055 737 aequinoctium,
1090 691 1138 733 cl:
1164 692 1344 726 Columell.
1369 691 1412 724 de
1435 702 1464 726 r.
1481 701 1512 724 r.
1528 692 1562 731 9,
1579 690 1636 732 14,
1655 689 1726 734 11).
1776 689 1929 724 Videtur

215 753 305 785 haec
320 762 416 795 aqua
433 753 545 785 hieme
562 754 701 785 tantum
718 752 911 784 distributa
929 762 1013 785 esse.
1045 749 1098 790 Cf.
1115 749 1200 792 Dig.
1216 750 1274 790 45,
1286 749 1341 790 ⁴5,
1355 748 1385 788 1,
1398 750 1443 789 8,·
1464 749 1520 790 45,
1532 748 1590 787 20,
1602 748 1633 788 1,
1644 747 1705 781 52.
1729 765 1775 771 -
1798 747 1833 788 6)
1855 746 1928 789 Ap-

210 812 317 853 paret
346 819 421 842 non
451 820 473 842 a
503 808 621 842 media
651 812 755 842 nocte
784 809 1028 850 computatum
1059 817 1133 839 esse
1164 806 1255 838 diem
1286 815 1398 847 usque
1426 804 1476 837 ad
1495 807 1634 837 noctem
1666 805 1820 837 mediam
1848 804 1928 836 sub-

212 871 432 910 sequentem,
457 866 521 899 sed
543 876 565 898 a
590 866 667 899 luce
691 866 829 898 oriente
853 864 901 897 ad
925 863 1090 898 alteram.
1129 860 1183 903 Cf.
1199 861 1378 903 Bilfinger
1394 861 1458 894 der
1474 860 1701 903 biirgerliche
1717 860 1794 903 Tag
1807 859 1927 904 (1888)

208 934 247 966 p.
263 922 341 957 219.
365 942 411 949 -
436 925 469 966 7)
492 921 631 956 Nomen
655 933 779 966 aquae.
803 940 849 946 —
881 922 915 963 8)
938 921 1045 964 Aqua
1070 921 1158 953 haee
1179 919 1285 969 modo
1311 918 1551 960 descendebat,
1574 918 1679 951 modo
1702 917 1927 951 ascendebat.

213 980 261 1013 Et
285 980 463 1022 videntur,
499 982 542 1013 ut
561 990 633 1023 par
655 981 723 1020 est,
755 988 871 1021 aquae
900 977 1124 1010 ascendentis
1154 975 1267 1009 multo
1300 975 1426 1018 plures
1458 975 1568 1007 horae
1603 975 1706 1017 agris
1734 975 1928 1008 attributae

213 1047 288 1069 esse
314 1047 422 1079 quam
445 1037 712 1077 descendamus,-
744 1034 793 1076 cfl
817 1045 909 1078 quae
932 1035 1101 1077 exposuit
1124 1032 1296 1066 Schmidt.
1331 1051 1376 1057 —
1413 1032 1447 1074 9)
1471 1030 1533 1065 Sic
1558 1030 1660 1066 Gsell.
1698 1030 1836 1064 Nomen
1860 1031 1930 1064 loci

214 1096 254 1125 ut
278 1093 430 1127 videtur.
467 1112 511 1118 —
551 1094 606 1135 10)
636 1092 735 1125 Hora
755 1094 888 1135 prima.
924 1110 969 1117 —
1007 1091 1063 1133 11)
1093 1089 1251 1123 Nomina
1277 1089 1523 1131 dominorum,
1553 1090 1595 1121 in
1619 1098 1772 1131 quorum
1794 1086 1930 1127 fundos

214 1160 310 1193 aqua
333 1151 448 1191 fluere
470 1150 627 1183 debebat.
651 1167 696 1173 -—-
723 1149 779 1189 12)
804 1147 931 1191 Capita
954 1147 1120 1190 intellegi
1142 1148 1216 1179 iam
1238 1148 1345 1189 putat
1367 1144 1543 1186 Momm„
1575 1147 1639 1188 qui
1661 1148 1768 1178 antea
1792 1146 1930 1186 cogita—

212 1209 317 1240 verat
332 1207 375 1239 de
392 1206 501 1241 cadis.
541 1206 616 1239 Hoc
631 1208 783 1249 apparet
806 1204 955 1245 definiri
977 1214 1182 1237 mensuram
1205 1203 1261 1236 vel
1282 1204 1442 1245 ipsorum
1457 1200 1657 1241 fundorum
1673 1202 1730 1235 vel
1742 1199 1929 1241 fructuum

212 1265 322 1296 unius
338 1264 579 1306 cuiusque.—-
605 1263 661 1304 13)
685 1260 790 1302 Infra
814 1271 906 1304 agro
931 1263 1089 1305 capitum
1103 1261 1152 1306 (Γ)
1176 1271 1252 1293 non
1274 1260 1387 1293 multo
1408 1259 1572 1302 plurium
1595 1259 1813 1292 attribuitur
1833 1267 1929 1301 aqua

208 1330 278 1363 per
301 1320 410 1353 horas
438 1320 551 1353 multo
582 1319 716 1363 plures.
765 1318 837 1353 Sed
858 1322 935 1352 mm
968 1329 1063 1362 aqua
1088 1317 1317 1360 ascendebat,
1348 1317 1407 1349 hic
1430 1316 1673 1350 descendebat.
1707 1333 1755 1340 —
1793 1315 1845 1357 14)
1869 1314 1931 1348 Ex

213 1378 305 1411 hora
332 1379 472 1420 prima,
506 1376 643 1410 scilicet
668 1376 787 1419 plena.
840 1376 883 1409 In
913 1374 1044 1416 Africa
1081 1385 1213 1418 aquam
1249 1375 1355 1406 certis
1390 1374 1564 1406 horarum
1598 1372 1727 1415 spatiis
1760 1371 1932 1404 distribui

213 1435 311 1467 inter
333 1433 473 1466 incolas
507 1435 561 1466 ait
584 1432 675 1467 Ptin.
700 1434 735 1467 Ιι.
758 1443 794 1468 n.
818 1432 873 1475 18,
895 1432 972 1467 188.
1002 1451 1047 1456 -
1086 1433 1142 1473 15)
1165 1431 1208 1464 In
1232 1431 1358 1464 horam
1383 1431 1546 1473 quintam
1570 1431 1606 1461 et
1628 1428 1826 1463 dimidiam.
1876 1427 1930 1468 Cf.

214 1490 393 1533 Bilfinger
417 1490 474 1523 die
497 1489 647 1524 antiken
671 1490 1005 1533 Stundenangaben
1029 1487 1150 1532 (1888)
1173 1498 1209 1531 p.
1225 1487 1302 1521 105.
1340 1506 1383 1510 -
1419 1489 1475 1527 16)
1499 1486 1572 1519 Pro
1593 1488 1699 1528 parte
1720 1495 1787 1518 sua
1800 1485 1861 1529 (ἲ).
1884 1504 1930 1510 -

216 1550 270 1589 17)
294 1546 349 1587 Cf.
373 1550 446 1583 not.
471 1549 505 1582 8.
531 1567 578 1573 —
613 1548 668 1589 18)
692 1546 831 1582 Noctis.

328 1604 388 1638 Ad
418 1615 596 1648 aquarum
627 1604 918 1636 distributionem
943 1603 1176 1646 pertinebant
1206 1603 1318 1634 etiam
1348 1599 1491 1633 tabulae
1518 1597 1708 1633 Tiburtina
1737 1597 1822 1632 XIV
1843 1598 1930 1633 3676

214 1665 249 1694 et
277 1664 418 1696 urbana
449 1661 522 1705 (vel
542 1663 666 1704 potius
688 1659 914 1704 suburbana)
949 1659 1002 1693 71
1022 1659 1121 1701 1261,
1158 1659 1198 1690 in
1222 1659 1351 1701 quibus
1374 1659 1483 1689 etiam
1506 1657 1772 1699 ichnographia
1801 1666 1931 1698 aquae-

216 1719 390 1752 ductuum
412 1720 530 1752 incisa
552 1718 665 1758 fuisse
687 1717 841 1751 videtur.

331 1842 444 1889 5794
486 1844 634 1884 Decim.
656 1842 909 1884 Secundinus
934 1840 940 1897 Ι
966 1854 1002 1881 v.
1024 1854 1073 1887 c.,
1103 1853 1307 1893 procons„
1338 1844 1464 1879 curat.
1492 1836 1498 1892 Ι
1524 1844 1564 1878 et
1593 1838 1758 1878 defens!
1789 1839 1928 1877 Amfis-

215 1913 393 1954 sensium
421 1910 428 1966 Ι
453 1912 631 1952 salutem.
690 1911 743 1951 Ut
779 1911 962 1958 memini,
1008 1922 1089 1949 non
1132 1907 1139 1963 Ι
1179 1907 1385 1960 repurgari
1421 1907 1540 1946 modo
1577 1918 1702 1958 aquae
1740 1902 1928 1960 dluctum‚

215 1994 352 2021 verum
383 1982 498 2021 etiam
529 1977 675 2034 indulci
706 1991 846 2031 aquam
878 1980 1083 2019 iusseram.
1133 1973 1363 2030 Confesltim
1392 1975 1513 2026 igitur
1542 1975 1583 2014 in
1605 1980 1758 2014 veteres
1777 1970 1929 2028 cister)-

217 2062 289 2089 nas
326 2061 428 2101 aqua
472 2054 517 2088 ut
553 2059 712 2100 semper
748 2044 994 2102 cucurlrerat
1038 2044 1263 2091 inducatur,
1309 2041 1468 2099 gratials
1509 2048 1652 2095 agente
1697 2041 1928 2082 beatitudini

216 2114 421 2172 tem1poris
450 2121 490 2156 et
519 2115 780 2156 moderationi
811 2112 909 2170 mele
942 2113 1148 2166 Hesperio,
1179 2112 1285 2165 quod
1307 2112 1468 2160 fundus,
1493 2110 1500 2166 Ι
1528 2111 1596 2163 qui
1626 2122 1768 2162 aquam
1798 2109 1929 2162 publi-

217 2198 303 2226 cam
344 2182 581 2240 occlupavm
619 2183 803 2236 publicus
841 2195 922 2223 non
963 2183 1019 2222 fit.
1080 2179 1195 2235 SaJnc
1227 2179 1286 2221 si’1
1327 2178 1466 2220 similis
1503 2178 1742 2231 interceptio
1772 2175 1927 2232 itelrum

216 2254 303 2294 fieri
334 2254 472 2306 possit,
502 2252 543 2292 in
566 2251 751 2292 cisternis
776 2248 783 2304 Ι
809 2251 904 2304 ipsis
935 2249 1090 2303 lapideo
1121 2249 1236 2289 titulo
1265 2248 1396 2300 posito
1426 2244 1545 2300 unlde
1574 2259 1676 2299 aqua
1700 2246 1832 2286 veniat
1861 2246 1929 2285 ad-

217 2322 389 2369 scribite‚
427 2320 486 2373 ult
523 2320 630 2360 nulla
670 2319 878 2359 invadendi
915 2318 1117 2371 publicum
1159 2315 1165 2372 Ι
1206 2316 1455 2368 relinquatur
1494 2315 1663 2356 occasio.
1723 2314 1931 2366 Memolres

218 2390 327 2431 eritis
357 2390 532 2442 perfecta
562 2388 658 2427 haec
684 2386 690 2442 Ι
718 2388 848 2428 omnia
879 2393 971 2427 ante
1000 2387 1103 2427 diem
1134 2384 1341 2438 decimulm
1364 2384 1622 2424 kalendarum
1642 2378 1928 2434 Ianuarialrum

218 2471 287 2498 vos
316 2458 363 2498 ad
395 2457 569 2497 officium
603 2455 801 2508 nunltiare
830 2455 989 2495 debere.
1050 2455 1155 2507 Opto
1186 2453 1290 2493 bene
1316 2450 1322 2506 Ι
1348 2452 1520 2492 valeatis.

332 2525 543 2568 Amphissae
566 2523 768 2556 Locrorum
793 2521 868 2566 (111
885 2523 953 2555 568
976 2519 1025 2561 cf.
1046 2531 1083 2564 p.
1106 2521 1204 2555 1317.
1227 2518 1358 2555 251633
1381 2519 1550 2552 viderunt
1573 2518 1759 2562 Cyriacus,
1786 2515 1931 2550 Wheler

220 2585 255 2615 et
285 2592 401 2624 nuper
432 2580 617 2614 Perdrizet
647 2579 730 2614 butt.
763 2578 806 2611 de
837 2588 930 2613 corr.
963 2575 1087 2612 hellen.
1111 2577 1164 2619 19,
1194 2577 1281 2611 1895
1309 2587 1345 2620 p.
1369 2575 1467 2617 391).
1500 2593 1547 2599 —-
1583 2575 1616 2616 1)
1647 2571 1850 2613 Defensori.
1884 2592 1930 2599 —

220 2639 255 2679 2)
278 2638 449 2672 Fortasse
471 2648 539 2671 scr.
564 2647 617 2670 ne.

335 2750 447 2797 5795
478 2782 621 2791 .....
701 2748 892 2790 Patientia
1128 2747 1260 2788 Virtus
1542 2747 1643 2799 Spes
1787 2776 1927 2786 .....

705 2817 882 2861 (protome
998 2815 1174 2858 (protome
1196 2814 1392 2854 muliebris,
1509 2816 1684 2855 (protome

688 2872 890 2916 muliebris)
1019 2871 1196 2904 Amazoni
1218 2869 1363 2908 similis)
1498 2869 1699 2910 muliebris)

225 2974 343 2986 .....
366 2944 382 2998 ΙΙ
411 2944 625 2986 Etrusco’:
658 2943 732 2984 ‘Et
761 2941 950 2984 Salditani
981 2937 1153 2995 cilvitas²
1182 2938 1495 2992 splendidissima
1527 2944 1566 2978 et
1591 2936 1597 2992 Ι
1624 2950 1696 2989 ego
1723 2950 1815 2978 cum
1845 2937 1930 2978 Sal-

225 3011 368 3053 ditanis
396 3010 596 3067 rogflamus
625 3018 678 3059 te,
708 3011 883 3058 domine,
915 3008 971 3049 uti
992 3005 1174 3062 Nonilum
1199 3008 1339 3048 Datum
1371 3013 1599 3047 veteranum
1625 3006 1632 3061 Ι
1659 3007 1734 3058 leg.
1755 3006 1809 3046 ΙΙΙ
1830 3006 1929 3058 Aug.

226 3078 475 3121 libratorem⁸
499 3079 506 3135 Ι
533 3080 704 3121 horteris
734 3080 865 3120 veniat
885 3075 1053 3132 Salmas,
1084 3083 1128 3117 ut
1157 3076 1263 3129 quod
1292 3075 1480 3116 relicum⁴
1505 3074 1511 3130 Ι
1539 3081 1598 3116 est
1627 3087 1675 3115 ex
1695 3086 1816 3128 opere
1848 3075 1931 3114 eius
