2092 3360
271 177 355 216 164
1009 172 1131 218 Caput
1152 171 1216 208 XI.

382 289 493 335 4271
552 290 596 329 L.
629 289 726 328 Iulio
766 284 879 343 Ur[so
919 284 1124 343 Serviano]
1164 286 1170 343 Ι
1212 300 1294 328 eos.
1325 287 1407 337 111²,
1456 299 1554 326 non.
1595 283 1710 343 O[ct.]
1750 286 1758 341 Ι
1796 286 1983 328 ecitium’
2039 260 2051 330 :¹

268 357 556 401 taurobolium³
581 353 588 411 Ι
616 355 780 396 Veneris
800 354 990 395 caelestae
1010 359 1101 404 (sic)
1133 362 1173 396 et
1201 352 1479 412 pantoliu[m]⁴
1506 352 1512 408 Ι
1539 354 1742 396 Herennia
1766 355 1983 397 Fortunata
2040 387 2042 389 .

270 427 425 481 inperio
456 426 551 465 deae
578 421 584 479 Ι
610 435 684 476 per
712 423 772 463 Ti.
795 421 999 463 Claudium
1030 423 1202 464 Felicem
1232 423 1399 467 sacerd.⁵
1426 422 1432 477 Ι
1458 424 1596 464 iterata
1627 431 1699 465 est.

382 503 496 549 4272
530 502 584 543 ΙΙΙ
606 515 702 542 non.
720 502 812 542 Dec.
840 501 846 557 Ι
874 502 918 542 L.
937 502 1115 542 Lolliano
1132 503 1245 542 Avito
1267 502 1377 551 cos.⁶‚
1405 501 1412 557 Ι
1437 503 1624 544 Thalame
1645 503 1827 544 Hosidiae
1841 503 1983 560 Afrae}
2037 513 2042 542 ζ

271 584 360 612 cum
391 571 473 611 suis
503 570 663 610 condite
691 569 697 624 Ι
723 583 796 623 per
825 570 884 610 Ti.
908 570 962 611 cl.
985 571 1156 611 Felicem
1188 568 1458 627 sacerdosstem.

383 638 531 680 Pontici,
555 637 683 671 deinde
698 637 854 681 Neapoli
874 639 914 670 in
935 647 1067 681 museo,
1091 639 1267 671 incertum
1287 639 1351 671 ubi
1366 641 1539 682 repertae,
1562 639 1625 672 md
1639 638 1808 672 videntur
1822 637 1984 673 Puteolo-
2041 667 2049 686 ¹2

274 706 342 729 nae
365 705 438 728 esse
462 693 514 734 (X
526 694 621 728 1596.
639 694 776 738 459711.
788 694 876 728 4008
898 694 991 728 vidit
1005 694 1199 728 Mommsen
1205 703 1220 739 ,·
1244 693 1290 734 cs'.
1314 694 1479 728 Huebner
1502 706 1558 728 ex.
1575 706 1645 729 scr.
1661 697 1776 739 epigr.
1792 696 1871 730 340.
1883 696 1984 739 342).
2015 707 2021 715 ⁴
2042 691 2061 745 ζ

270 771 313 777 -
333 752 366 794 1)
382 751 425 785 Α.
438 750 503 786 434
519 750 572 793 (111
588 750 744 790 fortasse
761 751 1046 794 coniungendem
1064 762 1144 785 cum
1161 762 1240 785 non.
1258 751 1356 795 quod
1369 753 1532 795 sequitur
1537 764 1552 793 ‚·
1574 762 1688 796 neque
1713 756 1831 786 tamen
1854 752 1898 786 de
1912 762 1986 786 uno

272 819 319 842 ea:
332 809 518 852 prioribus
535 808 780 841 consulatibus
799 807 969 841 Serviani
985 807 1249 852 cogitaverim).
1261 826 1308 833 —
1328 809 1361 850 2)
1379 807 1601 842 Vocabulum
1617 810 1794 851 ignotum.
1805 829 1851 835 —
1875 809 1910 853 3)
1927 808 1987 843 Sic
2030 805 2041 822 ⁵

271 866 349 898 sine
366 864 474 897 dubio
500 864 699 907 legendum,
724 874 941 908 quamquam
964 864 1141 908 reliquiae
1164 865 1362 899 admittunt
1376 866 1484 898 etiam
1501 865 1672 900 tauroboli
1688 867 1723 900 vi
1737 890 1746 901 .
1760 890 1770 901 .
1784 891 1793 900 .
1816 866 1884 900 Est
1897 867 1988 900 liaeo

273 922 526 964 antiquissima
538 921 674 954 mentio
687 921 887 955 taurobolii
901 924 940 955 in
954 923 1258 966 inscriptionibus.
1271 940 1317 947 —-
1335 923 1369 964 4)
1388 922 1610 956 Vocabulum
1625 924 1702 956 sine
1715 923 1824 956 dubio
1841 923 1988 957 ductum
2043 918 2046 922 ’

273 989 295 1011 a
309 973 496 1023 παντελής
502 986 516 1020 ,’
533 977 623 1020 quid
633 980 690 1018 sit,
706 979 969 1021 ignoratur.—
986 980 1019 1021 5)
1033 979 1130 1014 Idem
1143 978 1310 1012 sacerdos
1321 980 1361 1011 in
1375 980 1480 1013 titulo
1495 981 1558 1022 qui
1569 981 1796 1022 sequitur.--
1812 981 1848 1021 6)
1860 981 1904 1014 A.
1915 980 1990 1015 444.
2031 966 2062 1007 'f

390 1057 503 1104 4273
554 1059 728 1098 Adonio²
756 1057 761 1113 Ι
789 1060 879 1112 Sep.
910 1057 1104 1115 Marcellla
1144 1067 1184 1100 et
1213 1061 1305 1113 Sep.
1338 1058 1533 1115 Sillvanus
1563 1067 1602 1101 et
1632 1062 1724 1114 Sep.
1754 1059 1990 1117 Marciaflnus

275 1140 351 1180 pro
383 1128 459 1168 filis
486 1125 491 1182 Ι
519 1140 566 1168 ex
596 1133 686 1167 voto
717 1125 863 1182 polsuit
894 1131 950 1177 (in
975 1132 1087 1166 latere
1110 1134 1168 1166 vir
1190 1135 1290 1166 stans
1307 1135 1476 1176 pateram
1492 1137 1612 1168 tenens
1631 1135 1751 1178 pomis
1772 1133 1926 1178 plenam,
1949 1135 1990 1167 in
2054 1127 2058 1162 ζ

276 1194 392 1228 aliero
419 1194 529 1228 latere
552 1196 610 1227 vir
632 1197 734 1228 stans
757 1197 922 1238 pateram
946 1198 1070 1229 tenens
1094 1198 1129 1228 et
1150 1195 1327 1240 urceum).

386 1252 546 1294 Aquinci
568 1261 641 1294 rep.
668 1251 744 1295 (III
765 1251 800 1286 S.
818 1251 930 1286 40592
955 1251 1048 1285 vidit
1062 1252 1286 1296 Mommsen).
1304 1271 1350 1277 —
1376 1254 1408 1296 1)
1433 1253 1487 1286 De
1509 1252 1630 1293 forma
1654 1254 1811 1287 nominis
1834 1251 1883 1293 cl'.
1907 1263 1990 1297 app.

274 1309 387 1341 Probi
412 1307 588 1351 (Gramm.
612 1308 693 1342 Lai.
719 1309 773 1343 ed.
801 1308 878 1341 Keil
901 1308 1001 1351 JVp.
1019 1309 1093 1349 499,
1109 1309 1182 1352 45).

389 1387 503 1434 4274
539 1394 621 1438 (dea
645 1395 769 1427 sedens
792 1396 891 1427 inter
914 1395 1004 1428 duos
1028 1395 1161 1439 leones)
1191 1389 1287 1430 deae
1319 1390 1458 1430 Suriae
1488 1403 1590 1431 sacr.
1624 1390 1631 1446 Ι
1666 1396 1757 1431 voto
1787 1389 1989 1444 susoept.)
2052 1412 2054 1414 ·

276 1469 351 1509 pro
378 1455 384 1511 Ι
410 1457 534 1497 salute
562 1455 567 1510 Ι
596 1487 900 1498 ..........
929 1456 934 1513 Ι
963 1488 1336 1499 ............
1347 1458 1359 1480 ¹
1387 1456 1393 1512 Ι
1424 1458 1523 1511 Aug.
1555 1458 1780 1499 Germanici
1815 1457 1823 1515 Ι
1857 1459 1993 1512 ponti·
2024 1512 2026 1515 ,

276 1525 363 1565 ficis
394 1525 567 1574 maximi,
597 1531 647 1565 tr.
679 1532 761 1578 pot.
790 1524 795 1581 Ι
823 1527 867 1566 D.
890 1526 1075 1567 Veturius
1105 1527 1343 1579 Antigonus,
1370 1524 1377 1582 Ι
1403 1527 1448 1567 D.
1470 1527 1655 1568 Veturius
1685 1527 1753 1578 Sp.
1783 1528 1811 1568 f.
1835 1527 1961 1576 Philo,
1984 1524 1991 1580 Ι

278 1591 325 1632 D.
347 1592 533 1633 Veturius
563 1593 739 1634 Albanus
767 1592 772 1648 Ι
799 1600 909 1647 pater
941 1607 1032 1635 cum
1062 1595 1137 1636 filis
1168 1595 1313 1648 posuit.

390 1658 503 1706 4275
555 1665 734 1710 (luppiter
757 1667 881 1700 sedens
904 1669 1000 1700 inter
1024 1668 1112 1701 duos
1137 1668 1278 1713 tauros)
1310 1664 1339 1704 1.
1372 1677 1408 1704 ο.
1439 1676 1492 1703 m.
1523 1676 1623 1704 sacr.
1660 1662 1667 1717 Ι
1701 1669 1791 1704 voto
1821 1669 1992 1717 suscept.
2054 1655 2055 1658 ¹

280 1741 354 1781 pro
384 1729 508 1769 salute
536 1727 543 1782 Ι
569 1759 811 1770 ........
840 1729 845 1785 Ι
874 1761 1111 1772 ........
1117 1732 1128 1752 ¹
1155 1730 1160 1786 Ι
1202 1733 1300 1785 Aug.
1323 1731 1547 1773 Germanici
1573 1730 1580 1786 Ι
1606 1732 1805 1786 pontificis
1835 1731 1994 1773 maximi

279 1804 328 1837 tr.
360 1803 458 1850 pot„
485 1797 491 1852 Ι
519 1798 563 1838 D.
585 1798 771 1840 Veturius
802 1805 854 1845 (et
875 1803 1018 1847 reliqua
1043 1815 1133 1848 quae
1156 1804 1297 1849 supra).

392 1863 524 1898 Romae
550 1865 620 1908 (VI
642 1865 715 1900 446.
731 1867 794 1900 447
816 1868 959 1910 saepius
983 1867 1182 1911 descriptae
1205 1877 1297 1900 saec.
1320 1866 1395 1901 XV.
1419 1865 1529 1911 XVI).
1544 1883 1591 1892 —-
1609 1865 1661 1906 Cf:
1679 1866 1830 1900 Lucian.
1848 1866 1891 1899 de
1907 1866 1992 1911 Syr.
2065 1888 2068 1892 ·

282 1920 348 1954 dea
373 1921 462 1954 ο.54
499 1915 613 1964 (ἀλλὰ
646 1917 715 1967 τὴν
743 1921 814 1967 μὲν
845 1921 998 1966 λέοντες
1027 1923 1229 1970 φορέουσι·
1266 1918 1287 1959 ὃ
1313 1922 1352 1960 δὲ
1376 1915 1551 1968 ταύροισι
1582 1919 1796 1967 ἐπέζεται);
1830 1933 1996 1956 nummus

283 1988 340 2020 ap.
364 1977 501 2010 Eclchel
523 1979 559 2020 5,
580 1979 662 2012 262.
697 1997 744 2004 ——
782 1980 814 2022 1)
838 1979 977 2013 Nomen
1008 1982 1240 2024 imperatoris
1272 1990 1414 2013 erasum
1448 1978 1530 2023 (viat
1553 1979 1766 2023 Maximini,
1797 1982 1839 2012 ut
1866 1981 1996 2013 statuit
2054 1990 2060 2031 A·

281 2035 426 2067 Henzen
448 2037 598 2079 propter
621 2033 761 2075 formas
786 2036 990 2070 litterarum
1021 2047 1111 2080 quas
1135 2037 1279 2070 exhibet
1299 2046 1394 2069 unus
1417 2047 1464 2069 ea:
1487 2037 1537 2069 eis
1567 2037 1632 2079 qui
1655 2035 1779 2070 titulos
1801 2036 1996 2079 descripse-

279 2094 378 2133 runt,
402 2091 586 2137 Metellus;
609 2103 694 2126 nam
717 2093 778 2126 ille
797 2092 1030 2126 Germanicus
1052 2095 1234 2126 mamimus
1257 2092 1481 2126 Sarmaticus
1504 2093 1685 2126 maximus
1699 2092 1856 2126 Dacicus
1876 2093 1994 2127 mazi-

281 2158 362 2181 mus
385 2148 583 2193 dicebatur,
612 2152 648 2182 et
671 2151 713 2182 ab
738 2151 815 2182 eius
845 2153 962 2183 aetate
985 2151 1185 2183 abhorrent
1214 2151 1286 2183 tria
1315 2151 1463 2182 nomina
1487 2148 1760 2194 dedicantium),
1792 2149 1996 2185 Domitiam·

280 2204 436 2245 fortasse
459 2206 514 2239 vel
537 2207 644 2239 etiam
667 2205 836 2240 Neronis.

395 2262 467 2295 lovi
493 2273 524 2296 ο.
550 2272 594 2296 m.
619 2265 653 2296 et
676 2262 761 2296 deae
787 2262 905 2296 Suriae
930 2265 965 2295 et
987 2273 1060 2295 una
1085 2272 1166 2295 cum
1189 2264 1236 2295 iis
1257 2261 1367 2295 Genio
1391 2262 1560 2295 venalicii
1583 2261 1769 2295 dedicatus
1791 2264 1845 2295 eet
1867 2260 1996 2295 titulus

281 2329 392 2361 supra
417 2318 463 2352 Ν.
478 2319 574 2353 3674.

399 2397 513 2445 4276
558 2405 697 2448 (imago
715 2405 801 2438 deae
817 2405 971 2438 sedentis
994 2407 1091 2437 inter
1107 2407 1197 2437 duos
1213 2404 1347 2446 leones)
1378 2400 1422 2443 P.
1445 2400 1592 2440 Acilius
1612 2398 1642 2438 F
1646 2399 1721 2439 elix
1747 2396 1817 2455 '‘d-
1839 2399 1877 2438 d.
1903 2398 1995 2440 Dia·
2053 2430 2056 2442 τ

284 2467 436 2508 suriae¹
466 2481 558 2508 cum
588 2469 683 2509 suis.

396 2533 528 2568 Romae
553 2535 625 2579 (VI
637 2535 701 2569 445
725 2535 817 2569 vidie
833 2535 994 2578 Henzen,·
1020 2535 1184 2568 Huebner
1206 2546 1262 2568 ex.
1280 2545 1348 2568 scr.
1366 2535 1481 2577 epigr.
1497 2533 1591 2577 278).
1617 2552 1662 2558 -—
1688 2534 1720 2575 1)
1749 2531 1803 2573 Cf.
1828 2532 1875 2568 Ν.
1891 2533 1994 2570 4277.
2054 2551 2055 2554 ¹

396 2613 510 2660 4277
559 2617 679 2656 Balti¹
712 2617 797 2657 diae
823 2618 830 2670 Ι
857 2616 1008 2656 divinae
1039 2622 1078 2656 et
1103 2614 1110 2669 Ι
1137 2615 1361 2656 Diasuriae²
1386 2613 1393 2669 Ι
1418 2613 1610 2666 templum
1640 2613 1668 2653 f.
1699 2613 1745 2653 T.
1777 2613 1834 2654 Fl.
1861 2612 1868 2670 Ι
1895 2618 1997 2663 (roti—

286 2690 357 2724 qua
381 2681 551 2715 videntur
573 2684 708 2726 scripta
731 2682 844 2723 fuisse
867 2684 906 2715 in
931 2683 1003 2716 alio
1027 2682 1175 2727 lapide).

398 2738 559 2780 Aquinci
581 2749 656 2782 rep.
682 2739 754 2783 (111
770 2739 806 2773 S.
823 2739 939 2774 40595
961 2739 1055 2772 vidit
1071 2739 1295 2779 Mommsen).
1316 2756 1362 2762 —
1386 2737 1420 2779 1)
1445 2735 1499 2776 Cf.
1521 2737 1623 2771 Philo
1641 2737 1741 2781 Bybl.
1761 2737 1908 2773 Φοινικ.
1923 2734 1995 2773 lat.
2058 2763 2059 2767 ,

288 2792 365 2837 (ap.
390 2794 521 2828 Mulier
544 2794 594 2835 fr.
618 2797 652 2830 lz.
679 2796 738 2830 Gr.
763 2796 822 2829 II!
839 2807 875 2840 p.
890 2797 967 2837 569,
982 2796 1069 2838 25).·
1094 2789 1117 2831 ὃ
1143 2790 1299 2842 Κρόνος
1314 2786 1465 2839 Βύβλον
1489 2793 1536 2838 τῇ
1558 2793 1635 2844 θεᾷ
1658 2791 1838 2830 Βααλτίδι
1861 2793 1909 2839 τῇ
1931 2793 1997 2830 καὶ

287 2845 414 2895 Διώνῃ
438 2851 574 2887 δίδωσι.
598 2870 644 2877 -
669 2853 702 2894 2)
727 2852 788 2886 Sic
810 2853 984 2896 scriptum
1008 2853 1117 2886 etiam
1139 2850 1185 2886 Ν.
1201 2851 1298 2885 4276.
1321 2850 1410 2884 4280
1436 2848 1538 2893 (ilem
1561 2852 1603 2882 ut
1624 2849 1769 2883 videtur
1790 2852 1830 2883 in
1854 2850 1996 2902 chroni-

287 2907 337 2938 cis
361 2908 451 2939 anni
471 2909 557 2947 354,
587 2919 642 2951 ap.
668 2909 826 2943 Momms.
851 2909 974 2943 chron.
999 2910 1086 2942 min.
1111 2909 1133 2942 I
1147 2919 1184 2951 p.
1203 2907 1264 2942 447
1286 2918 1316 2941 υ.
1333 2906 1408 2945 24).

399 2985 513 3032 4278
561 2990 655 3029 deae
686 2990 785 3030 Balti
826 2989 833 3044 Ι
873 2990 1003 3030 Flavia
1036 2987 1246 3046 Vieltorina
1285 2990 1292 3041 Ι
1333 2999 1407 3040 pro
1437 2999 1480 3027 se
1510 2991 1549 3027 et
1577 2984 1663 3042 plro
1691 2986 1774 3028 suis
1804 2998 1883 3027 om.
1917 2985 1926 3040 Ι
1958 2997 1996 3027 v-

286 3066 318 3094 s.
347 3054 372 3093 1.
403 3067 453 3094 m.
