2092 3360
488 168 604 206 Tituli
627 169 726 206 sacri
749 171 788 206 et
812 169 1055 206 sacerdotum.
1082 189 1127 195 —
1151 169 1330 207 Minerva.
1362 169 1475 207 Mare.
1788 172 1841 210 21

240 282 282 316 ln
309 283 454 319 Umbria
478 294 565 328 rep„
591 294 707 328 prope
730 283 958 317 Fabrianum
992 283 1069 317 loco
1094 282 1189 317 dicto
1214 282 1402 318 Nebbiano
1435 283 1502 328 (XI
1523 285 1610 319 5740
1640 286 1730 320 vidit
1752 287 1843 321 Bor·

124 339 265 384 mann).
281 358 326 365 —
355 342 385 382 1)
408 340 579 374 Eiusdem
605 340 764 375 considis
787 342 839 373 est
862 340 990 374 titulus
1012 341 1175 374 urbanus
1194 341 1246 376 VI
1258 341 1371 376 54757
1382 356 1428 370 ι·
1446 341 1539 375 Bull.
1557 343 1743 376 comunale
1759 343 1843 378 4877

117 406 157 440 p.
174 395 259 438 4795
282 395 330 437 cll
354 407 466 441 supra
490 396 537 431 N.
552 397 654 433 4254.

236 498 355 546 3134
402 501 600 542 Minervae
634 499 641 556 Ι
676 502 842 542 memori
875 500 882 556 Ι
915 501 1047 542 Coelia
1078 501 1228 542 Iuliana
1262 500 1269 557 Ι
1305 503 1552 555 indulgentia
1587 501 1592 556 Ι
1627 502 1842 544 medicina-

123 580 213 609 rum
242 566 247 622 Ι
273 569 359 610 eius
387 569 603 610 infirmitati
630 569 638 624 Ι
664 569 770 622 gravi
800 569 1006 610 liberatam
1033 575 1117 618 (stc)
1145 568 1151 624 Ι
1177 571 1214 610 d.
1237 571 1291 624 p.²

243 634 354 669 Travi
381 638 421 669 in
452 645 543 679 agro
567 636 774 670 Placentino
811 636 880 678 (XI
901 637 988 671 4297
1019 637 1114 670 vidit
1135 637 1350 682 Bormann).
1398 638 1512 681 Prope
1543 638 1693 671 eundem
1723 639 1840 672 locum

123 694 287 735 repertus
318 694 370 725 est
398 693 526 726 titulus
554 703 665 737 supra
690 692 736 727 N.
760 694 851 728 2605
883 697 918 727 et
935 697 1126 738 praeterea
1158 694 1224 727 alii
1246 695 1354 728 mulli
1376 694 1560 728 Minervae
1585 694 1760 738 dedicati,
1792 693 1840 735 cs'.

123 747 179 782 XI
196 748 287 784 4292
299 759 369 792 seq.
416 749 580 793 Apparet
601 749 786 784 Minervae
808 752 953 784 nomine
977 752 1036 784 hic
1059 749 1235 783 celebrari
1257 750 1359 784 deam
1383 750 1542 794 aliquam
1565 752 1772 794 salutarem,
1799 754 1843 784 ut

124 806 165 838 in
191 804 309 839 Gallia
336 805 576 849 Transalpina
602 807 799 841 Minervam
825 809 1035 850 cognomine
1058 807 1284 840 Belisamam.
1308 825 1356 831 —-
1381 808 1414 849 1)
1437 807 1581 840 Donum
1605 809 1736 847 posuit.

236 917 350 965 3135
400 920 598 962 Minervae
631 920 639 976 Ι
671 922 839 962 memori
876 920 882 975 Ι
915 921 1044 962 Tullia
1081 924 1087 973 Ι
1123 922 1343 976 Superiana
1378 920 1385 976 Ι
1417 923 1670 963 restitutione
1697 923 1704 977 Ι
1737 923 1839 963 sacta

123 988 198 1030 sibi
225 986 232 1041 Ι
259 988 492 1041 capillorum
518 987 525 1043 Ι
550 1001 586 1029 v.
617 1003 647 1030 s.
679 990 705 1029 l.
734 1002 787 1029 m.

243 1055 456 1096 Placentiae,
484 1058 607 1098 postea
631 1055 855 1099 Mediolanii,
887 1059 1033 1100 reperta
1054 1058 1133 1091 sine
1157 1057 1264 1091 dubio
1289 1057 1410 1091 eodem
1435 1057 1510 1091 loco
1534 1059 1620 1100 agri
1641 1057 1841 1092 Placentini

126 1121 196 1155 quo
219 1109 266 1146 Ν.
280 1111 372 1146 5454
395 1111 466 1152 (XI
484 1111 574 1147 4505
598 1112 787 1155 aliquoties
811 1113 1019 1158 descripta).

237 1211 351 1259 3136
398 1215 598 1257 Minervae
628 1218 728 1269 Aug.
770 1214 775 1271 Ι
817 1217 860 1257 L.
893 1217 1077 1258 Canidius
1107 1217 1263 1258 Primus
1303 1216 1310 1271 Ι
1351 1217 1600 1258 Brixellanus
1639 1230 1686 1257 cx
1715 1230 1798 1270 arg.
1832 1217 1836 1270 Ι

124 1282 192 1324 lib.
213 1282 284 1332 11¹,
321 1283 414 1324 item
448 1283 489 1324 L.
513 1284 695 1325 Callidius
721 1282 728 1340 Ι
754 1285 911 1325 Primus
941 1298 1057 1326 aures
1087 1286 1315 1339 argenteas¹
1343 1284 1350 1339 Ι
1376 1299 1411 1327 v.
1443 1299 1474 1326 s.
1505 1285 1530 1325 l.
1562 1298 1615 1326 m.

238 1350 442 1386 Placentiae
460 1351 557 1393 olim,
580 1352 644 1385 sed
664 1363 752 1395 rep„
777 1354 820 1384 ut
834 1352 988 1395 videtur,
1012 1353 1067 1385 ibi
1089 1354 1154 1386 ubi
1175 1351 1220 1387 N.
1236 1352 1328 1388 5454
1345 1351 1414 1393 (XI
1428 1352 1518 1386 4295
1540 1352 1648 1386 semel
1662 1352 1841 1397 descripta

58 1422 72 1439 a
123 1417 215 1441 saec.
231 1407 346 1452 XVI).
370 1427 416 1433 —
443 1409 474 1450 l)
501 1407 676 1442 Callidius
699 1409 845 1442 Primus
867 1410 900 1442 is
924 1411 989 1453 qui
1006 1410 1129 1453 primo
1154 1410 1232 1443 loco
1255 1410 1469 1442 nominatur
1490 1410 1635 1452 signum
1657 1409 1842 1443 Minervae

125 1473 172 1498 ex
195 1465 342 1507 argenti
366 1464 468 1498 libris
491 1464 630 1498 duabus
653 1465 848 1508 dedicavit,
872 1466 978 1507 alter,
1002 1464 1160 1506 fortasse
1182 1465 1282 1507 filius
1306 1466 1394 1506 eius,
1420 1476 1528 1499 aures
1551 1469 1754 1509 argenteas,
1774 1468 1842 1500 sci-

125 1519 209 1554 licet
232 1531 297 1565 ope
320 1523 396 1554 eim
413 1515 541 1554 ‘sanus
564 1522 608 1554 ab
634 1517 840 1565 auriculis'‚
863 1527 905 1557 ut
927 1526 979 1556 est
1001 1525 1042 1557 in
1065 1524 1302 1567 inscriptione
1324 1522 1529 1566 Epidauria
1545 1523 1760 1566 Aesculapio
1784 1523 1843 1556 de-

125 1577 257 1621 dicata,
282 1588 390 1621 quam
411 1577 516 1618 infra
540 1578 714 1612 dabimus.

237 1679 351 1727 3137
390 1682 590 1722 Minervae
616 1680 622 1737 Ι
651 1683 824 1724 medicae
851 1683 859 1737 Ι
885 1683 1125 1725 Cabardiac.¹
1151 1682 1158 1738 Ι
1184 1683 1336 1724 Valeria
1363 1682 1369 1739 Ι
1397 1683 1623 1724 Sammonia
1649 1681 1656 1735 Ι
1682 1683 1841 1725 Vercel-

124 1750 225 1791 lens.
252 1747 259 1804 Ι
283 1763 319 1790 V.
350 1763 382 1791 s.
413 1750 439 1790 l.
471 1763 524 1791 m.

238 1817 445 1851 Placentiae
469 1817 566 1858 olim,
591 1817 718 1850 deinde
733 1819 884 1852 Parmae
911 1817 983 1859 (XI
995 1818 1083 1853 4506
1102 1819 1297 1861 aliquoties
1314 1818 1522 1861 descripta).
1539 1838 1582 1843 —
1610 1821 1641 1860 1)
1667 1818 1842 1852 Minervae

125 1872 382 1908 Cabardiacensi
408 1873 594 1907 dedicatus
617 1877 670 1906 est
686 1875 797 1908 etiam
822 1875 950 1908 titulus
968 1886 1085 1919 prope
1105 1874 1215 1908 Travi
1237 1885 1311 1918 rep.
1328 1874 1382 1908 XI
1393 1875 1493 1908 4504.
1541 1873 1679 1908 Nomen
1703 1875 1796 1909 illud
1820 1886 1842 1907 a

126 1929 226 1970 loco;
250 1930 353 1963 hodie
370 1941 509 1974 quoque
525 1930 712 1964 castellum
731 1942 849 1974 prope
868 1931 981 1965 Travi
1003 1934 1111 1965 sicum
1136 1932 1273 1965 dicitur
1291 1931 1507 1974 Caverzago.
1546 1930 1600 1971 Cf:
1618 1932 1661 1964 de
1675 1933 1840 1965 sacrario

6 1983 30 2051 ’ἰ
125 1986 193 2019 hoc
216 1985 400 2019 Minervae
422 1987 609 2020 Bor-mann
632 1986 686 2020 XI
705 1998 742 2029 p.
757 1989 840 2022 255.
864 1989 944 2022 254.

238 2087 354 2134 3138
401 2089 496 2129 deae
526 2088 695 2130 Palladi¹
727 2089 767 2130 C.
795 2088 801 2145 Ι
828 2090 923 2130 Aur.
956 2089 1141 2131 Festinus
1173 2087 1199 2132 7
1229 2090 1237 2142 Ι
1262 2089 1390 2131 strat.²
1419 2087 1471 2130 ΟΙ
1495 2119 1505 2130 .
1528 2121 1538 2131 .
1561 2121 1571 2131 .
1595 2121 1605 2131 .
1628 2087 1840 2145 ΕΙΙΕΝΑ-

124 2154 285 2198 ΤΙΑΝΙ
307 2156 382 2209 leg.
410 2154 416 2212 Ι
443 2157 678 2198 tabularium
699 2155 904 2210 pensillem
932 2162 1018 2207 (sie)
1040 2171 1061 2198 a
1082 2159 1167 2200 solo
1189 2158 1295 2207 fecit,
1322 2156 1330 2212 Ι
1355 2159 1533 2199 adiutore
1554 2158 1690 2200 Cossio
1707 2165 1713 2213 Ι
1737 2159 1840 2201 Mar-

126 2225 224 2277 tino,
256 2221 546 2281 Prae[s]len[t]c
577 2231 617 2266 ct
645 2221 919 2281 Extr[2·]cat0³.

238 2292 468 2335 Moguntiaci
496 2302 570 2336 rep.
601 2303 633 2326 a.
656 2292 739 2326 4744
763 2292 982 2335 (Brambaclz
1004 2294 1068 2328 974
1098 2293 1205 2326 semel
1228 2292 1435 2337 descripta).
1470 2313 1516 2318 —
1554 2295 1587 2336 1)
1614 2291 1763 2328 Palladi
1784 2297 1840 2328 in-

125 2350 338 2393 scriptiones
372 2348 514 2382 dicatae
548 2348 641 2382 alias
675 2348 795 2382 nullas
829 2350 998 2383 habemus
1035 2350 1137 2394 (nam
1170 2350 1342 2384 Cirtensis
1374 2350 1465 2384 VIII
1493 2352 1582 2385 6958
1615 2361 1688 2384 non
1721 2354 1841 2385 certae

14 2391 23 2396 κ
43 2402 65 2437 ζ
126 2405 288 2439 lectionis
312 2407 365 2439 est
395 2407 430 2438 et
450 2405 558 2448 plane
580 2406 712 2439 incerti
734 2405 997 2450 supplementi).
1020 2425 1067 2431 —
1098 2407 1133 2449 2)
1158 2406 1338 2449 Centurio,
1362 2409 1500 2440 strator
1524 2409 1716 2450 (stratores
1737 2418 1842 2451 prae·

45 2495 47 2499 ,
126 2461 246 2496 eidam
262 2463 487 2496 centuriones
503 2461 609 2494 habes
624 2471 734 2505 supra
748 2461 795 2496 N.
807 2462 894 2497 4402
904 2462 968 2503 fin.
986 2462 1154 2504 lliofin„
1172 2461 1219 2503 cl'.
1237 2465 1344 2496 etiam
1359 2463 1477 2508 2448).
1504 2463 1559 2503 Cs'.
1573 2463 1842 2497 Domaszewski

126 2517 242 2562 Relig.
265 2518 326 2552 des
349 2529 457 2552 roem.
482 2517 610 2551 Hem-es
631 2528 666 2562 p.
682 2519 731 2552 50
754 2521 827 2553 not.
844 2518 922 2554 450.
946 2538 990 2544 —
1018 2520 1051 2562 3)
1075 2518 1223 2553 Scilicet
1247 2521 1450 2554 consulibus
1474 2519 1523 2563 (a.
1540 2521 1635 2563 247).

241 2755 356 2802 3139
404 2757 542 2798 Martei
570 2755 577 2812 Ι
602 2757 653 2797 Μ.
685 2757 870 2798 Claudius
900 2756 951 2796 Μ.
983 2756 1026 2796 f.¹
1053 2755 1060 2810 Ι
1086 2758 1227 2798 consol
1256 2759 1375 2799 dedit.

241 2823 374 2858 Romae
401 2834 475 2867 rep.
504 2826 610 2857 extra
638 2828 782 2868 portam
807 2823 986 2866 Capenam
1020 2823 1094 2863 (vel
1118 2826 1242 2866 potius
1273 2827 1377 2857 extra
1404 2827 1550 2867 portam
1580 2825 1686 2858 hodie
1709 2825 1841 2858 dictam

130 2879 167 2914 S.
191 2879 424 2925 sebastiani),
453 2890 551 2914 nunc
573 2879 731 2924 Neapoli
756 2880 791 2924 (1
811 2880 893 2915 554.
919 2879 973 2913 VI
991 2879 1053 2912 474
1087 2878 1135 2919 cs'.
1158 2880 1288 2920 30774;
1318 2879 1455 2914 lia-esem
1477 2881 1548 2914 tab.
1565 2880 1633 2914 La.
1669 2880 1842 2914 Dedimus

70 2942 71 2945 ’
129 2937 202 2970 iam
216 2946 327 2981 supra
343 2935 387 2971 Ν.
405 2937 478 2980 45).
502 2938 661 2971 Pertinet
676 2937 726 2971 ad
740 2937 874 2970 celebre
890 2937 1059 2979 templum
1076 2935 1207 2969 Martis
1222 2938 1330 2969 silum
1346 2938 1442 2970 inter
1458 2937 1613 2980 lapidem
1629 2937 1650 2970 Ι
1663 2940 1697 2970 et
1712 2937 1753 2970 II
1760 2939 1842 2970 viae

63 3006 69 3012 ν’
129 2993 269 3037 Appiae
291 2993 489 3038 (Huelsen).
526 3012 566 3019 —
607 2995 639 3036 1)
664 2993 819 3028 Videtur
842 3004 915 3026 esse
940 2991 1133 3026 Marcellus
1163 2992 1288 3025 consul
1318 2995 1506 3037 quinquies
1512 3005 1526 3035 ‚⁴
1563 2994 1657 3026 basis
1686 2992 1841 3034 sortasse

54 3091 57 3100 Ι
130 3048 250 3083 eodem
274 3052 430 3092 tempore
454 3051 498 3083 ab
523 3060 564 3084 eo
584 3052 709 3094 posita
734 3061 803 3094 quo
827 3049 871 3083 N.
889 3050 944 3083 42.
