2092 3360
489 153 604 192 Tituli
627 154 726 192 neeri
749 157 787 191 et
809 154 1050 191 sacerdotum.
1068 174 1113 180 —
1137 154 1296 191 Numine.
1319 154 1473 192 Galliae.
1755 154 1838 194 217

188 276 190 278 ’
237 267 349 316 4651
389 270 562 324 Apollini
585 270 749 312 Granno
770 276 810 311 et
829 276 988 312 sanctae
1010 269 1157 324 Hygiae
1189 299 1198 309 .
1215 303 1225 312 .
1247 299 1256 309 .
1275 299 1285 310 .
1303 299 1313 310 .
1329 299 1339 311 .
1357 269 1363 322 Ι
1382 300 1391 311 .
1410 300 1420 310 .
1437 275 1489 311 at.
1510 269 1631 311 deum
1660 266 1840 327 i[p]s[o]-

123 350 214 380 rum
244 351 318 392 pro
349 339 475 380 salute
503 338 589 380 Luc
607 368 618 379 .
636 369 645 379 .
663 368 673 379 .
692 369 702 379 .

238 405 458 449 Faimt’ngen
481 407 521 440 in
544 405 644 440 alveo
668 405 832 439 Danuvii
854 417 947 450 rep„
980 408 1031 439 est
1056 405 1251 448 Augeburg
1276 404 1351 450 (III
1368 404 1462 440 5873
1492 403 1541 446 ef.
1565 404 1623 438 III
1644 407 1680 440 S.
1702 415 1740 449 p.
1756 405 1843 440 1854

124 462 296 496 viderunt
318 461 512 496 Mommsen
536 465 571 496 et
595 460 828 507 Hirschfeld).

237 529 353 576 4652
399 530 573 585 Apollini
599 529 606 585 Ι
633 530 797 571 Granno
827 537 866 571 et
892 528 898 586 Ι
924 536 1083 571 sanetae
1111 529 1117 585 Ι
1143 531 1310 571 Sirenae
1335 529 1342 585 Ι
1369 543 1538 571 sacrum.

240 597 375 632 Romae
398 597 471 638 (VI
492 597 537 632 36
561 597 675 631 deser.
700 598 854 632 Smetius
877 597 1043 643 aliique).

239 665 353 712 4653
400 666 575 720 Apollini
602 665 608 722 Ι
635 674 675 708 et
705 667 872 708 Sironae
899 665 906 721 Ι
932 666 1058 707 idem¹
1085 665 1092 724 Ι
1118 667 1273 708 Taurus
1302 675 1359 721 (in
1383 677 1555 710 lateribus
1577 679 1736 722 iuvenis,
1765 680 1844 721 vir,-

126 734 167 767 in
186 736 295 777 parte
311 734 474 776 postica.-
497 735 656 777 Apollo).

239 788 402 823 Lexovii
425 788 617 834 (Luxeuil)
643 791 682 823 in
707 790 886 835 Sequanie
909 792 948 824 in
972 791 1120 824 thermis
1149 799 1224 833 rep.
1252 789 1358 833 (XIII
1376 790 1468 823 5424
1492 790 1584 824 vidit
1607 789 1842 833 Hirschfeld).

126 845 262 880 Eodem
286 846 364 880 loco
385 847 526 890 prodiit
542 845 587 881 Ν.
605 848 719 889 4680·,
743 849 807 881 ubi
822 847 914 883 vide.
931 866 977 872 —
1003 848 1035 887 1)
1058 846 1148 880 idem
1168 847 1294 890 potius
1310 857 1417 890 quam
1440 845 1572 881 itidem.
1612 847 1697 881 Alia
1714 858 1781 881 ara
1799 848 1843 880 ab

126 902 247 937 eodem
275 902 396 937 Tauro
420 905 528 937 iuxta
554 904 698 937 videtur
719 902 835 943 fuisse
856 906 1006 937 statuta.

240 959 406 1003 Apollini
430 963 464 993 et
488 959 643 994 Sirenae
669 963 858 1004 praeterea
889 960 1003 993 dicati
1030 961 1117 992 sunt
1148 959 1247 992 tituli
1276 959 1365 993 XIII
1393 961 1496 994 6272.
1518 961 1607 994 6458
1629 960 1693 1002 (-
1717 958 1845 993 Bram-

127 1017 217 1050 bach
240 1016 426 1050 919.1597
448 1033 494 1046 ==
520 1017 626 1051 Orelt.
649 1018 750 1052 2048.
773 1016 892 1060 2047).
915 1016 973 1050 III
992 1018 1094 1050 5588.

241 1083 356 1130 4654
404 1086 570 1127 Sironae
595 1084 602 1141 Ι
628 1086 869 1127 Abducietus
894 1085 902 1138 Ι
927 1085 1065 1126 Toceti
1095 1085 1148 1126 fil.
1175 1084 1182 1140 Ι
1208 1098 1244 1125 v.
1275 1099 1306 1126 s.
1338 1086 1365 1128 Ι.
1395 1098 1447 1126 m.

245 1152 468 1196 Burdigalae
492 1152 599 1196 (XIII
617 1154 688 1187 582
713 1153 804 1186 vidit
827 1151 1063 1197 Hirschfeld).

242 1219 356 1266 4655
405 1231 583 1275 (procoma
612 1232 813 1276 muliebris)
853 1222 948 1263 deae
986 1222 1160 1262 Dironae
1200 1219 1207 1277 Ι
1247 1221 1371 1262 Maior
1408 1219 1577 1276 Malgiati
1616 1221 1720 1262 filius
1760 1222 1768 1272 Ι
1808 1234 1843 1261 v.

129 1303 161 1331 s.
192 1290 219 1330 l
249 1302 302 1330 m.

244 1355 295 1390 St.
297 1356 432 1390 -Avold
454 1367 541 1401 rep„
564 1360 693 1401 postea
717 1357 958 1400 Argentorati
982 1356 1131 1402 (Robert
1154 1356 1366 1401 epigraphie
1390 1357 1432 1390 de
1457 1356 1492 1390 la
1508 1355 1651 1389 Mosella
1675 1354 1696 1388 I
1714 1365 1750 1398 p.
1765 1354 1845 1399 93).

127 1413 226 1446 Deae
249 1412 405 1446 Sirenae
425 1413 584 1447 dedicati
605 1417 691 1448 eunt
707 1417 899 1458 praeterea
924 1415 1024 1447 tituli
1049 1413 1275 1448 Treveromis
1299 1413 1520 1454 (Bramhaelz
1536 1423 1572 1445 n.
1588 1412 1652 1446 814
1659 1425 1672 1453 ;
1696 1412 1848 1445 Hettner

130 1469 439 1503 Steindenkmliler
462 1470 523 1503 des
546 1470 725 1504 Museums
747 1481 795 1503 zu
822 1470 854 1504 Τ
850 1472 926 1504 rier
948 1482 985 1505 n.
1001 1471 1074 1515 49),
1103 1473 1165 1504 ubi
1188 1472 1273 1504 item
1295 1472 1470 1514 scriptum
1493 1471 1546 1502 est
1568 1467 1732 1511 mRON-‚
1764 1468 1848 1502 alii-

129 1537 198 1570 que
228 1527 427 1570 complures
459 1526 572 1570 (XIII
590 1528 682 1562 6527
705 1545 750 1558 =
773 1527 977 1561 Brambaclz
999 1527 1086 1561 1698
1108 1544 1153 1558 ==
1179 1528 1321 1561 Henzen
1343 1527 1454 1570 5912,·
1489 1525 1579 1560 XIII
1601 1525 1694 1560 5145
1699 1534 1715 1569 ,⁸
1750 1525 1847 1559 Ann.

128 1581 288 1616 altman.
311 1583 400 1627 4415,
426 1584 512 1618 1868
533 1595 568 1627 p.
584 1585 658 1626 63).

244 1662 358 1709 4656
400 1665 473 1706 deo
494 1662 682 1719 Apolllini
703 1666 876 1707 Borvoni
904 1664 910 1720 Ι
936 1672 976 1706 et
995 1667 1194 1706 Damonae
1220 1665 1226 1718 Ι
1254 1664 1296 1705 C.
1314 1664 1518 1705 flaminius
1544 1667 1551 1716 Ι
1578 1663 1706 1702 Ferox
1727 1660 1844 1715 civis}

132 1733 342 1785 Lingonus
372 1745 420 1773 ex
445 1732 451 1788 Ι
478 1740 582 1774 voto.

246 1799 667 1843 Bourbonne-les-Bains,
691 1802 786 1833 inter
809 1800 973 1843 Langres
996 1804 1030 1833 et
1053 1801 1190 1843 Epinal
1219 1799 1325 1840 (XIII
1346 1800 1432 1834 5911
1458 1798 1732 1841 Zangemeister
1754 1796 1850 1829 vidit

132 1859 299 1901 ectypum
319 1856 569 1900 gypsaceum).
615 1856 750 1890 Eodem
783 1857 860 1890 Ioco
890 1858 958 1890 alii
986 1858 1093 1890 multi
1122 1856 1221 1889 ciculi
1253 1857 1385 1889 eisdem
1407 1856 1570 1889 Bor-voni
1600 1857 1635 1886 et
1663 1854 1849 1886 Damonae

127 1914 242 1957 positi
264 1914 400 1956 reperti
420 1915 505 1945 sunt
530 1911 634 1955 (XIII
647 1913 738 1947 5912
750 1922 843 1957 seq.,·
868 1913 1091 1947 Chabouillet
1113 1923 1187 1948 rev.
1205 1914 1304 1946 arch.
1322 1924 1356 1947 n.
1373 1924 1402 1946 s·
1417 1913 1475 1952 59,
1492 1911 1579 1944 1880
1593 1920 1628 1953 p.
1643 1909 1790 1952 ISseq)
1802 1928 1848 1934 —

132 1971 166 2005 A
189 1970 355 2004 Bon-vane
379 1967 442 2012 (Ν.
458 1970 555 2003 4658.
576 1969 664 2004 4659
679 1970 806 2014 not.5)
831 1972 906 2003 sive
929 1970 1108 2003 Bor-mone
1133 1968 1194 2012 (Ν.
1210 1969 1326 2013 4659),
1350 1969 1413 2002 deo
1436 1970 1513 2000 sine
1536 1967 1646 2000 dubio
1669 1975 1849 2009 aquarum

132 2027 363 2067 salutarium,
389 2028 541 2069 apparet
557 2029 591 2059 ee
606 2026 701 2058 hunc
717 2026 833 2059 locum
850 2036 978 2059 nomen
994 2027 1124 2058 habere
1140 2029 1176 2058 et
1190 2026 1265 2059 alia
1281 2025 1449 2058 similiter
1465 2023 1656 2067 appellata,
1678 2024 1850 2057 Bourbon

132 2082 259 2127 Laney
278 2081 341 2123 (cll
358 2080 404 2115 N.
414 2082 519 2126 4659)
541 2084 578 2114 et
592 2082 761 2116 Bourbon
778 2082 1081 2117 I’Arehambault.
1128 2082 1202 2116 Hae
1226 2081 1303 2115 Ioco
1328 2080 1517 2126 (Bourbon
1541 2079 1848 2122 l'Arelzambault)

135 2141 200 2183 qui
222 2141 351 2173 extant
371 2137 493 2179 fontes
516 2138 643 2183 calidi,
675 2140 706 2171 ii
728 2139 896 2172 videntur
919 2149 991 2172 esee
1020 2141 1084 2182 qui
1112 2140 1153 2172 in
1184 2139 1304 2172 tabula
1329 2139 1596 2180 Peutingerana
1620 2136 1851 2180 appellantur

134 2196 263 2240 Aquae
274 2196 478 2230 Bormonis.
514 2195 640 2229 Eidem
656 2195 722 2229 deo
738 2196 896 2229 dedicati
911 2198 996 2229 eunt
1011 2195 1061 2229 ad
1073 2195 1199 2238 Aquas
1214 2194 1420 2229 Sabaudiae
1433 2194 1734 2239 (Aiax-les-Bains)
1753 2193 1852 2226 tituli

133 2252 204 2286 XII
213 2253 315 2286 2445.
326 2253 423 2286 2444.
470 2252 592 2285 Etiam
612 2252 833 2286 Bor-manum
855 2254 891 2285 et
909 2253 1128 2286 Romanam
1145 2251 1267 2297 (infra
1282 2251 1329 2286 N.
1341 2251 1455 2296 4670),
1471 2253 1555 2285 item
1582 2251 1687 2285 deum
1699 2250 1850 2284 Borma-

134 2309 255 2342 nieum
285 2310 413 2352 (cupra
440 2307 487 2342 N.
509 2308 631 2351 4514),
662 2310 733 2343 hue
757 2311 937 2352 pertinere
963 2309 1149 2353 probabile
1180 2312 1231 2342 est
1262 2308 1470 2353 (videndum
1502 2319 1550 2342 an
1581 2308 1650 2341 huc
1673 2317 1747 2340 non
1766 2317 1850 2350 per·

136 2366 251 2397 tineat
274 2366 382 2398 etiam
406 2364 443 2398 V
453 2366 567 2406 7504).

252 2442 364 2490 4657
388 2446 510 2499 >Aug.
544 2458 645 2486 sacr.
672 2444 679 2500 Ι
714 2445 789 2486 deo
818 2446 932 2486 Albio
964 2453 1004 2486 et
1034 2446 1259 2486 Damonae¹
1291 2445 1381 2485 Sex.
1413 2445 1526 2485 Mart.
1560 2441 1566 2499 Ι
1601 2443 1773 2484 Cocillus
1804 2456 1852 2484 ex

138 2514 250 2555 iussu
280 2514 366 2555 eius
394 2526 430 2554 v,
460 2527 493 2554 s.
524 2514 550 2554 1.
580 2526 635 2554 m.

253 2581 367 2624 Prope
389 2580 676 2626 Arnay-le-Duc,
706 2582 801 2614 inter
824 2581 950 2614 Autun
973 2582 1009 2612 et
1030 2579 1164 2623 Dr'jon,
1195 2579 1244 2613 ad
1266 2580 1422 2612 thermae
1447 2578 1590 2622 (source
1612 2576 1785 2612 minen-ale
1809 2578 1853 2611 de

138 2635 346 2680 Maizieres)
359 2648 422 2671 vas
434 2648 582 2671 aeneum
595 2637 681 2671 olim
693 2639 920 2677 inauratum,
942 2636 1073 2669 litteris
1086 2638 1250 2680 punctim
1261 2637 1406 2679 scriptis
1420 2633 1527 2678 (XIII
1533 2634 1622 2668 2840
1629 2646 1643 2675 ,·
1659 2633 1854 2668 delineavit

143 2693 328 2733 Villesone
351 2694 437 2729 buu.
461 2695 521 2728 dee
544 2696 767 2738 antiquaires
791 2694 834 2727 de
856 2694 999 2727 France
1022 2693 1108 2726 1899
1129 2703 1165 2735 p.
1180 2692 1283 2736 522).
1307 2710 1353 2716 --
1380 2693 1410 2733 1)
1437 2689 1490 2730 Cf.
1514 2689 1559 2724 Ν.
1576 2691 1674 2725 4656.
1696 2692 1794 2726 4659.

253 2773 369 2820 4658
416 2777 516 2827 Aug.
535 2787 636 2817 sacr.
657 2775 732 2816 deo
758 2773 765 2830 Ι
793 2773 965 2815 Borvoni
995 2779 1035 2813 et
1063 2770 1251 2828 Candifldo
1282 2771 1431 2812 aerari¹
1462 2770 1537 2812 suh
1568 2768 1675 2826 culra
1706 2772 1854 2812 Leonis

141 2849 181 2882 et
207 2840 408 2898 Mar-{ciani
439 2855 485 2883 ex
515 2849 606 2883 voto
636 2843 709 2892 r.²;
736 2841 743 2897 Ι
769 2843 892 2883 aerari
923 2840 1058 2883 dona.³

254 2909 429 2943 Entraa'ns
453 2910 566 2953 (inter
580 2910 746 2943 Aua-erre
762 2912 797 2943 et
811 2908 976 2953 Nevers),
998 2908 1062 2941 ubi
1084 2906 1160 2947 l'uit
1182 2906 1395 2940 Intaranum
1418 2907 1519 2939 vicus
1543 2904 1724 2939 Senonum
1750 2904 1858 2949 (XIII

143 2965 230 2999 2901
263 2964 470 3006 ΗίηοΙιΓσιά
497 2966 590 2999 vidit
619 2969 815 3010 ectypum).
849 2961 893 2990 4-
932 2967 964 3008 1)
989 2964 1157 3008 Intellege
1187 2962 1313 3004 fabros
1343 2963 1518 2996 aerarios.
1546 2981 1591 2987 —
1622 2963 1659 3004 2)
1682 2961 1855 2996 liname-

143 3022 253 3054 runt?
273 3041 319 3048 —
342 3024 377 3065 3)
401 3023 549 3056 Aeraria·
572 3022 806 3056 donaverunt.
