2092 3360
305 172 327 209 1
338 171 391 210 70
1054 170 1175 215 Caput
1198 170 1262 206 XI.

303 300 348 327 ex
381 286 646 327 corniculario
674 283 679 339 Ι
707 285 789 324 Aeli
812 284 952 325 Iuliani
984 297 1044 337 pr.
1069 286 1175 337 vig.¹¹
1208 285 1452 339 tetrastylum
1487 286 1766 339 nymphaeum,
1793 285 1799 340 Ι
1826 266 2018 329 crateram

301 367 391 394 cum
415 354 618 394 columella
650 361 688 392 et
718 353 898 392 altarium
930 364 1021 392 cum
1043 353 1250 393 columella
1276 352 1283 409 Ι
1312 365 1531 393 marmorea
1563 361 1602 394 et
1622 355 1736 395 aliam
1757 355 2018 404 columellam,

300 423 392 462 item
426 422 646 461 orbiculum
688 433 779 460 cum
810 418 1030 475 colulmclla
1070 427 1110 460 et
1140 426 1271 461 cetera
1304 421 1469 469 ornavit,
1509 421 1538 461 Ι.
1572 423 1617 463 D.
1649 423 1686 463 d.
1718 422 1789 462 d.¹²
1827 423 2019 464 dedicavit
2083 415 2092 456 ἕ

301 487 404 543 per}
439 488 619 529 Clodium
653 488 847 528 Catullum
889 501 949 541 pr.
980 490 1069 540 vig„
1112 489 1326 529 adsistente
1358 489 1479 530 Orbio
1510 489 1698 530 Laetiano
1735 490 1903 543 subpr.¹³
1938 497 1978 532 et
2007 490 2016 548 Ι
2078 487 2088 506 ”

299 557 487 597 Castricio
510 557 715 597 Honorato
747 557 839 598 trib.
861 557 949 597 coh.
973 556 1007 596 ll
1038 557 1159 607 vig.¹⁴‚
1191 569 1252 610 pr.
1275 557 1350 597 kal.
1373 558 1472 610 Aug.
1500 556 1507 610 Ι
1535 559 1764 611 Aproniano
1795 565 1835 598 et
1863 559 2015 601 Bradua
2080 592 2092 605 ..

2075 458 2092 590 i

299 625 422 673 cos.¹⁵‚
454 637 488 664 c.
510 625 561 664 a.³
591 625 832 665 Herculanio
864 625 1043 665 Liberale
1073 621 1218 681 vafl.]'⁶
2078 610 2092 720 Ι

411 690 554 734 Romae,
588 692 679 724 duae
705 692 846 725 tabulae
872 703 1103 732 marmoreae,
1134 703 1209 735 rep.
1233 693 1271 724 in
1297 691 1471 734 Esquiliis
1498 702 1612 735 prope
1643 692 1758 725 locum
1783 694 1918 727 dictum
1942 697 2016 728 tro·
2084 726 2085 730 ,

293 748 411 790 phaea
428 747 543 780 Marii
568 748 636 788 (Vl
650 748 711 782 444
735 749 829 781 vidit
853 748 1022 792 Henzen).
1042 767 1087 773 —
1114 750 1146 790 1)
1173 749 1251 782 Iovi
1274 749 1408 791 optimo
1425 748 1634 783 Delie-lieno.
1650 768 1694 773 —
1720 751 1753 791 2)
1779 750 1896 783 Verba
1913 752 2016 784 uncis
2084 723 2092 801 Ι

296 804 437 836 inclusa
462 806 501 837 in
527 805 639 838 litura
663 807 822 848 reposita
845 809 950 847 sunt‚·
975 808 1079 838 antea
1104 807 1156 838 ibi
1171 808 1307 848 scripta
1331 803 1446 845 fuisse
1464 805 1630 848 putanda
1654 811 1737 839 sunt
1753 809 1898 840 nomina
1918 807 2016 840 Com·
2079 811 2092 853 j

295 860 405 894 modi.
421 879 467 885 -—
494 862 528 904 3)
552 862 803 896 Emere-imum.
820 881 866 887 -
890 864 924 904 4)
948 862 1118 896 Fortasse
1135 873 1260 895 errore
1276 863 1449 904 scriptum
1469 873 1562 905 pro.-
1585 863 1800 896 sacrarium.
1816 881 1863 888 —
1885 864 1922 904 5)
1948 863 2013 897 Cu·
2085 854 2092 899 Ι

296 927 376 950 ram
400 921 540 959 agente.
557 937 603 942 —
627 920 661 959 6)
685 918 780 951 Idem
800 918 974 952 Caecilius
993 919 1156 961 idemque
1173 918 1325 951 Flavius
1342 918 1507 951 Marinus
1531 922 1777 951 memorantur
1799 922 1838 952 in
1853 918 2012 959 frustula
2080 913 2092 982 Ι

296 974 395 1006 tituli
419 974 499 1007 Iovi
521 975 719 1009 Dolicheno
745 975 901 1008 dedicate?
927 976 977 1010 Vl
998 976 1109 1010 50945
1126 990 1170 1003 =
1190 974 1281 1008 Bull.
1301 977 1384 1008 fust.
1402 976 1500 1008 arch.
1520 975 1609 1009 4884
1632 986 1666 1018 p.
1679 977 1738 1009 55.
1756 994 1799 1000 —
1826 977 1860 1019 7)
1885 975 2012 1010 centu·

294 1033 407 1065 riona.
424 1050 470 1055 -—
497 1032 530 1073 8)
550 1031 688 1064 Nomen
705 1043 776 1065 non
793 1035 888 1065 recte
904 1035 944 1065 ut
959 1032 1103 1065 videtur
1118 1034 1292 1075 scriptum
1308 1032 1364 1064 vel
1379 1041 1451 1065 non
1468 1035 1564 1065 recte
1581 1032 1709 1065 lectum
1727 1031 1748 1075 (
1747 1032 1870 1066 ultima
1888 1033 2011 1066 littera

292 1088 459 1131 incerta)⁴
475 1107 520 1112 —
545 1091 577 1131 9)
596 1089 751 1122 Era-snm
768 1099 895 1121 nomen
915 1088 1104 1122 Commodi.
1122 1107 1168 1113 —
1188 1090 1244 1131 10)
1267 1089 1399 1131 lange.-
1425 1088 1520 1120 Iulia
1535 1089 1801 1122 Concordia.—-
1828 1090 1882 1132 11)
1906 1090 2012 1123 Prae-
2084 1106 2092 1146 Ι

292 1143 382 1184 fecti
404 1146 569 1187 vigil-am.
601 1165 646 1170 —
678 1147 734 1188 12)
759 1146 837 1179 Iovi
861 1146 1056 1179 Dolielzeno
1084 1145 1217 1178 donum
1242 1145 1350 1178 dedit.
1381 1164 1425 1169 —-
1460 1146 1514 1188 13)
1541 1144 1816 1188 Subpraefecto‚
1846 1156 1894 1179 sc.
1919 1147 2011 1189 vigi-

293 1200 376 1234 lum.
403 1220 443 1226 —
480 1203 534 1245 14)
563 1202 719 1236 Trz'bmw
746 1204 905 1236 cohortis
926 1201 1102 1234 secundae
1126 1201 1288 1243 vigilum.
1318 1220 1364 1225 -
1399 1202 1453 1244 15)
1479 1203 1520 1236 A.
1545 1202 1618 1236 491.
1654 1221 1700 1227 ——
1738 1203 1792 1245 16)
1815 1202 2010 1236 Fortasse.-

291 1257 557 1292 valetudinarz'o
587 1259 784 1302 (Momms.‚·
808 1261 847 1291 in
873 1258 991 1300 lapide
1015 1262 1066 1290 est
1089 1259 1170 1300 vai).

405 1338 519 1384 4316
578 1341 617 1379 h.
649 1341 689 1380 f.¹
718 1341 724 1393 Ι
751 1341 807 1380 Ex
838 1347 1053 1393 praecepto
1085 1341 1113 1379 l.
1147 1353 1184 1378 o.
1215 1352 1267 1378 m.
1302 1340 1344 1379 D.
1376 1340 1549 1387 aeterni,
1588 1340 1856 1380 conservatori
1886 1341 2008 1381 totius

291 1407 372 1459 poli
403 1414 443 1447 et
472 1408 627 1447 numini
658 1406 954 1463 pralestantisso
981 1412 1066 1456 (sic)
1100 1407 1285 1447 exibitori
1315 1406 1475 1455 invicto,
1506 1407 1551 1446 L.
1575 1407 1726 1447 Tettius
1748 1407 1913 1448 Hermes
1943 1420 2005 1460 eq.

291 1474 356 1514 R.²
386 1480 424 1514 et
459 1472 464 1530 Ι
499 1475 756 1516 kandidatus³
790 1482 827 1515 et
859 1482 1050 1528 patronus
1087 1476 1206 1516 huius
1250 1475 1348 1523 loci,
1387 1487 1461 1528 pro
1491 1475 1617 1515 salute
1646 1487 1714 1514 sua
1745 1481 1785 1515 et
1814 1473 2007 1531 Aurleliae

290 1541 508 1583 Restitutae
538 1544 719 1595 coniugis
751 1550 789 1583 et
819 1543 968 1583 Tettiae
990 1543 1243 1583 Pannuchiae
1274 1543 1375 1583 filiae
1405 1554 1501 1583 suae
1527 1540 1533 1597 Ι
1561 1549 1599 1582 et
1619 1555 1781 1583 suorum
1813 1549 1852 1583 et
1873 1543 2005 1585 Aureli

290 1609 478 1663 Lampadi
510 1612 643 1651 fratris
673 1611 884 1660 carissimi,
924 1618 963 1651 et
992 1624 1066 1664 pro
1097 1611 1269 1651 saloute⁴
1299 1610 1304 1664 Ι
1330 1611 1594 1651 sacerdotium
1632 1617 1671 1651 et
1699 1610 2003 1653 kandidatorum

291 1684 330 1718 et
354 1678 588 1719 colitorum⁸⁵
620 1680 736 1719 huius
766 1679 855 1728 loci,
886 1679 1017 1719 tabula
1045 1677 1052 1733 Ι
1078 1678 1323 1720 marmorea⁶
1353 1690 1443 1718 cum
1475 1679 1708 1730 proscaenio
1740 1686 1779 1719 et
1809 1680 2004 1721 columnis

290 1746 327 1785 d.
359 1747 397 1786 d.
430 1747 539 1794 Quos
570 1748 687 1788 elexit
712 1746 718 1803 Ι
746 1748 776 1788 Ι.
807 1760 844 1788 0.
876 1760 928 1788 m.
960 1748 1005 1788 D.
1037 1747 1112 1788 sibi
1142 1747 1302 1793 servire,
1334 1746 1384 1785 M.
1407 1746 1539 1786 Aurei.
1567 1746 1829 1799 Oenopione⁷
1860 1747 2004 1789 Onesi-

289 1827 399 1854 mum
420 1815 602 1866 signum⁸
633 1816 749 1856 Acaci
778 1814 783 1870 Ι
811 1816 1044 1864 notarium⁹‚
1077 1821 1114 1856 et
1137 1814 1369 1867 Septimium
1391 1813 1609 1853 Antonium
1635 1815 1815 1867 signum⁸
1846 1815 2003 1869 Olympi

288 1888 399 1935 patre
411 1883 451 1932 ¹⁰,
484 1883 655 1937 kandid„
684 1882 690 1939 Ι
717 1890 920 1937 patronos,
953 1884 1094 1923 fratres
1116 1883 1337 1923 carissimos
1358 1887 1396 1921 et
1417 1882 1587 1934 collegas
1609 1882 1747 1931 hon.¹²‚
1779 1885 1872 1923 Aur.
1896 1884 2002 1936 Mag·
2086 1933 2092 1941 μ

290 1951 457 2000 nesium‚
500 1952 506 2002 Ι
547 1952 641 1991 Aur.
673 1952 941 2006 Serapiacum,
973 1951 1188 1991 Antonium
1229 1950 1501 1999 Marianum¹²‚
1540 1950 1591 1989 M.
1622 1950 1694 1990 lul.
1726 1950 2000 1992 Florentinum
2085 1941 2092 1992 ἓ

288 2018 470 2071 principe
482 2018 509 2040 ¹³
535 2017 540 2073 Ι
567 2019 685 2059 huius
706 2020 796 2070 loci,
827 2026 865 2060 et
886 2020 981 2060 Aur.
1005 2020 1191 2060 Severum
1214 2023 1442 2058 veteranum
1472 2023 1694 2058 curatorem
1727 2019 1891 2071 tempuli
1917 2023 2000 2068 (sic)
2068 2018 2092 2070 ,εἴ

288 2092 327 2125 et
354 2083 360 2139 Ι
386 2087 480 2126 Aur.
511 2088 751 2128 Antiochum
783 2089 998 2138 sacerdote,
1033 2088 1157 2128 Gemi.
1189 2087 1297 2127 Felix
1327 2092 1366 2125 et
1395 2085 1532 2125 Vibius
1559 2085 1829 2138 Eutychianus
1854 2086 1861 2136 Ι
1887 2087 2001 2128 lecti-

288 2153 369 2193 cari
401 2154 477 2203 dei,
509 2155 564 2195 Co
587 2186 761 2196 ......
794 2157 1016 2197 centianus.
2086 2149 2092 2202 Ι

401 2219 535 2254 Romae
559 2224 597 2255 in
621 2223 798 2257 Auentino
819 2234 935 2267 prope
959 2223 1143 2257 ecclesiam
1168 2222 1202 2256 S.
1223 2222 1344 2255 Alea—ia·
1370 2220 1443 2264 (VI
1454 2221 1528 2254 406.
1544 2219 1656 2254 50758
1681 2220 1791 2254 deser.
1807 2232 1900 2256 saec.
1916 2221 2006 2256 XV!
2083 2207 2092 2219 ¹

286 2277 496 2319 Accursius,
526 2268 687 2317 frustula
710 2291 828 2323 pauca
854 2291 945 2323 quae
968 2290 1084 2323 nuper
1109 2279 1227 2312 eodem
1254 2279 1329 2311 loco
1350 2277 1568 2320 prodierunt
1591 2276 1814 2311 Lancianius
1837 2277 2001 2322 aliique).

286 2334 420 2367 Eodem
453 2335 531 2367 loco
565 2336 618 2368 vel
647 2338 700 2369 ibi
726 2347 838 2380 prope
867 2337 1085 2380 prodierunt
1120 2336 1186 2369 alli
1215 2335 1316 2368 tituli
1346 2335 1425 2367 Iovi
1455 2333 1653 2366 Dolet-lieno
1685 2333 1860 2378 dedicati,
1889 2345 2000 2378 supra

286 2389 331 2424 N.
348 2390 440 2425 4707.
464 2392 567 2432 4314,
605 2391 706 2432 infra
731 2393 777 2427 Ν.
800 2394 901 2435 4521,
933 2397 967 2426 et
993 2396 1180 2436 praeterea
1214 2391 1268 2426 VI
1287 2392 1364 2426 566.
1388 2392 1463 2424 409.
1511 2389 1602 2422 Fuit
1624 2400 1664 2423 eo
1689 2389 1768 2423 loco
1790 2393 1868 2424 eine
1891 2384 2000 2426 du'bio
2072 2404 2074 2406 ’

285 2447 505 2480 Βυίοοεηηπι
531 2449 628 2490 quod
648 2454 822 2483 memorat
845 2449 988 2483 Notitia
1012 2450 1113 2482 urbis
1136 2450 1285 2491 regione
1308 2448 1398 2482 XIII
1414 2447 1633 2490 (Aveneini).
1656 2465 1703 2470 —
1728 2447 1760 2488 1)
1783 2447 1885 2481 Bona
1907 2447 1999 2482 For-

287 2506 375 2536 tuna
401 2506 469 2542 (sic
492 2506 614 2547 potius
637 2516 736 2539 more
763 2506 896 2540 Graeco
923 2516 1029 2549 quam
1053 2506 1292 2539 Latinorum:
1316 2505 1455 2538 Bonum
1478 2502 1635 2544 sactum,
1660 2501 1709 2542 cf.
1733 2514 1844 2547 supra
1868 2503 1913 2540 N.
1937 2504 2000 2539 667

286 2562 358 2593 not.
376 2560 425 2604 1).
456 2580 501 2584 —
535 2563 569 2603 2)
593 2562 711 2605 Eques
735 2562 925 2599 Romanus.
960 2581 1006 2587 -
1041 2564 1075 2604 3)
1101 2561 1296 2595 Kandidate'
1324 2561 1525 2594 sacerdotes
1550 2561 1589 2592 liz·
1618 2560 1674 2592 vel
1696 2559 1874 2593 cultorum
1904 2561 1999 2594 anti-

285 2618 385 2649 stites
409 2619 580 2660 appellati
603 2618 759 2658 fortasse
783 2631 804 2652 a
829 2622 924 2652 veste
948 2619 1118 2661 candida,
1139 2629 1209 2661 qua
1227 2619 1422 2651 utebantur
1445 2616 1567 2649 diebus
1588 2615 1692 2656 sestis
1717 2615 1927 2660 (Mommsen
1951 2617 2000 2651 aa

287 2672 341 2706 VJ
353 2674 527 2708 406—413
544 2676 607 2717 qui
623 2677 713 2708 citat
727 2676 909 2709 Herodian
921 2676 954 2715 8,
966 2676 997 2716 7,
1011 2675 1119 2719 2).-
1136 2676 1170 2716 4)
1190 2674 1440 2717 Dissplzllwngus
1456 2674 1495 2705 in
1512 2673 1658 2715 salente,
1675 2674 1758 2705 item
1776 2674 1914 2707 colitor-
1926 2683 1997 2717 pro

286 2729 409 2762 cultor·
433 2732 606 2773 scriptam
629 2732 785 2771 l'orlasse
805 2733 930 2775 prodit
955 2734 1131 2774 originem
1156 2733 1285 2764 horum
1309 2731 1492 2764 hominum
1517 2740 1563 2762 ete
1590 2728 1742 2762 Graecia
1766 2730 1823 2762 vel
1839 2729 1996 2764 Orimce.

285 2804 330 2808 —
356 2786 388 2828 5)
415 2785 468 2825 Cf.
492 2790 564 2819 not.
589 2789 619 2820 4.
643 2807 689 2811 -
719 2790 752 2830 6)
781 2787 951 2822 Tabulam
975 2798 1224 2821 marmoream.
1248 2806 1294 2811 —
1323 2788 1356 2828 7)
1383 2785 1631 2828 Oenopionem.
1656 2804 1702 2809 —
1732 2786 1766 2827 8)
1791 2785 1915 2829 Signo,
1940 2786 1997 2819 do·

286 2843 364 2874 buit
386 2843 514 2877 dfe-ere.
549 2863 594 2867 --
630 2845 663 2886 9)
689 2845 784 2878 Idem
809 2846 987 2887 notarius,
1025 2846 1079 2887 10)
1104 2845 1264 2887 idemque
1286 2847 1390 2886 palei·
1421 2842 1574 2882 (scilicet
1595 2842 1836 2884 sacerdotnm)
1868 2848 1996 2876 memo-

285 2900 417 2931 rantur
441 2899 481 2932 N
498 2901 596 2940 4318,
622 2903 684 2934 ubi
705 2902 793 2934 solis
815 2903 931 2944 signis
955 2901 1183 2944 appellantur·
1206 2901 1362 2934 Aeacius
1385 2902 1419 2932 el
1445 2898 1638 2943 Olympius.
1663 2917 1709 2923 —-
1740 2900 1794 2941 11)
1819 2899 1996 2933 Honestis-

286 2956 405 2988 simoe.
429 2975 473 2980 —
500 2958 554 2998 12)
580 2957 674 2989 Idem
699 2961 750 2990 est
773 2957 875 2997 infra
901 2957 946 2991 N.
958 2958 1057 2992 4318.
1085 2976 1129 2982 —-
1157 2958 1212 2999 13)
1237 2957 1430 2998 PrIncipes.

399 3046 513 3092 4317
574 3061 620 3087 ex
651 3049 758 3090 iussu
791 3050 820 3089 1.
853 3063 890 3090 ο.
922 3063 972 3090 m.
1004 3050 1049 3090 D.
1078 3047 1083 3103 Ι
1111 3050 1153 3089 L.
1185 3048 1339 3090 Tettius
1371 3048 1556 3088 Hermes¹
1589 3045 1596 3100 Ι
1633 3059 1723 3087 cum
1753 3047 1895 3100 coiuge
1923 3057 1995 3088 sua
2056 3063 2058 3066 ⁴
