2092 3360
508 174 624 212 Tituli
646 185 798 222 operum
820 174 1055 221 locorumque
1076 172 1319 221 publicorum.
1343 194 1389 200 —
1413 173 1587 211 Termini.
1824 174 1907 214 455

199 290 235 332 9)
259 288 322 324 Sic
352 289 448 324 dieta
481 293 525 326 ab
557 290 750 324 altitudine
785 292 926 324 eentum
953 290 1095 333 pedum.
1143 287 1197 330 Cf.
1224 289 1408 324 Galdern‘ni
1430 299 1487 333 ap.
1513 289 1678 322 Peterson
1701 287 1751 334 (υ.
1773 292 1848 325 not.
1871 291 1909 331 6)

196 357 232 391 p.
256 348 315 382 50.
338 366 382 373 -
410 349 465 391 10)
488 348 531 383 49
553 348 648 390 Aug.
672 346 749 382 493.
773 365 818 371 -
845 349 900 388 11)
926 346 1119 381 Curatores
1149 349 1192 380 ut
1220 346 1364 380 videtur
1394 356 1542 389 operum
1563 345 1790 389 publicorum
1815 344 1911 390 (for-

200 407 294 437 tasse
316 404 366 438 ad
388 405 542 438 alterum
563 405 722 448 pertinet
743 402 788 438 Ν.
805 404 923 449 4458).
948 422 991 428 -
1018 404 1074 442 12)
1097 404 1118 437 7
1142 403 1250 446 Sept„
1277 404 1331 446 13)
1355 402 1395 437 44
1421 402 1514 446 Sept.
1539 402 1616 437 495.

314 494 428 542 5921
481 494 559 554 [T]
580 497 808 551 Septumius
833 496 839 553 Ι
869 493 1074 553 [SJabinus
1102 494 1107 550 Ι
1134 497 1218 537 aed.
1241 497 1339 537 cur.¹
1368 495 1374 550 Ι
1400 508 1510 537 areas
1531 508 1553 536 a
1574 496 1692 549 cippo
1719 493 1727 549 Ι
1753 494 1802 535 ab
1823 500 1909 544 (sic)

199 564 374 605 Tiberim
401 564 411 620 Ι
434 566 566 606 attrib.
587 595 597 606 .
619 597 628 606 .
654 596 663 606 .

314 631 446 666 Romae
469 643 544 676 rep.
567 635 606 666 in
630 633 730 666 alveo
759 631 906 674 Tiberis,
943 642 1023 665 cum
1044 630 1281 672 fundamenta
1305 631 1495 664 iaciuntur
1516 633 1603 664 novi
1621 632 1756 674 pontis,
1783 629 1910 674 paullo

197 699 308 732 supra
340 690 515 731 insulam,
546 693 671 733 cippus
706 689 778 734 (VI
797 690 908 724 54759
936 690 1049 723 descr.
1073 687 1260 732 Vaglieri,·
1295 686 1440 721 Bullett.
1466 688 1651 721 comunale
1673 687 1762 721 4885
1781 697 1821 730 p.
1842 687 1910 721 400

198 756 233 779 n.
250 746 364 790 4048).
388 766 433 771 -
465 747 496 789 1)
520 746 644 779 Alium
668 746 814 780 titulum
838 748 881 780 ab
906 747 1028 780 eodem
1051 745 1166 779 aedile
1190 745 1311 778 curuli
1332 745 1492 788 positum
1515 747 1689 778 memorat
1711 744 1802 779 Ptin.
1822 745 1856 779 Ιι.
1874 754 1910 778 n.

196 802 254 844 54,
276 804 345 847 95,·
370 802 418 843 cs.
443 807 549 837 etiam
577 804 630 837 VI
650 804 775 838 26258.

313 894 450 941 5921·
503 897 698 950 permissu
724 896 731 949 Ι
757 896 940 937 aedilium
973 894 1044 935 Cn.
1071 893 1078 949 Ι
1107 895 1276 936 Aninius
1307 891 1562 949 Fortulnatus
1598 906 1739 946 occup.

313 964 490 1007 Pompeiis
517 965 656 1007 pictum
678 965 719 997 in
740 974 814 997 uno
843 974 890 996 etc
917 963 1072 996 arcubus
1102 963 1361 1005 amphitheatri
1392 961 1461 1005 (IV
1483 962 1568 996 4096
1598 961 1704 994 semel
1727 960 1909 1004 descripta

198 1031 294 1054 anno
320 1021 438 1066 4845).
484 1021 538 1054 De
572 1022 640 1054 hoc
673 1020 921 1063 similibusque
955 1018 1071 1052 titulis
1102 1018 1222 1052 eodem
1257 1017 1336 1058 fere
1371 1019 1449 1052 loco
1485 1020 1692 1052 extantibus
1726 1018 1786 1052 IV
1803 1017 1887 1052 4096
1897 1024 1911 1041 ·

199 1077 249 1121 (p.
267 1078 367 1122 202).
391 1078 474 1112 4097
486 1089 557 1122 seq.
581 1078 680 1112 2996.
704 1078 822 1119 2996·,
854 1076 1027 1109 dia-erunt
1051 1075 1210 1109 Schoene
1235 1075 1352 1109 Herm.
1368 1078 1400 1118 4,
1416 1076 1505 1119 458⁴,-
1536 1075 1731 1110 Mommsen
1756 1074 1910 1108 Staatsr.

198 1133 257 1167 11³
277 1146 312 1179 p.
328 1136 397 1169 508
419 1138 492 1170 not.
509 1135 541 1169 4.

937 1317 1168 1367 Termini.

320 1420 505 1455 Termino:
530 1422 685 1463 pomerii
714 1421 816 1453 urbis
838 1419 970 1453 Romae
999 1420 1107 1452 habes
1135 1429 1247 1462 supra
1271 1417 1318 1453 Ν.
1342 1418 1422 1452 245.
1452 1418 1531 1451 248.
1561 1417 1626 1452 544
1659 1419 1750 1461 (iam
1773 1416 1912 1450 accedit

195 1476 341 1511 Notizie
364 1477 463 1520 degli
485 1479 585 1511 soavi
607 1478 693 1511 4900
719 1488 757 1520 p.
782 1476 862 1521 45),
893 1478 1066 1510 terminos
1090 1477 1176 1518 agri
1196 1475 1335 1519 publici
1360 1474 1589 1508 Gracchanas
1611 1472 1658 1509 N.
1681 1474 1727 1508 24
1738 1485 1809 1517 seq.
1834 1474 1911 1514 (ac-

197 1535 290 1568 eedit
311 1533 457 1568 Notizie
479 1535 566 1569 4897
585 1545 623 1578 p.
639 1533 730 1579 449).

749 1615 941 1650 Termini
963 1615 1157 1656 riparum
1180 1613 1365 1648 Tiberis.

310 1684 447 1730 5922ει
498 1684 550 1724 Μ.
570 1684 750 1725 Valerius
780 1684 830 1724 M.
851 1684 879 1723 f.
907 1682 914 1736 Ι
941 1682 1008 1723 M’.
1042 1697 1082 1722 n.
1113 1683 1280 1731 Messal.‚
1308 1682 1313 1737 Ι
1341 1682 1383 1722 Ρ.
1407 1681 1620 1722 Serveilius
1651 1680 1692 1721 C.
1716 1681 1740 1720 f.
1770 1678 1775 1735 Ι
1803 1680 1911 1721 Isau-

196 1755 325 1795 ricus¹
357 1754 453 1795 ces.2
479 1751 484 1807 Ι
511 1766 559 1793 ex
588 1766 620 1794 s.
652 1765 687 1793 c.
716 1752 876 1793 termin.
952 1758 957 1762 '

312 1843 454 1890 5922'0
500 1845 545 1884 P.
568 1843 779 1885 Serveilius
810 1843 852 1883 C.
873 1844 899 1882 f.
928 1842 934 1897 Ι
961 1842 1170 1892 Isauricus,
1196 1841 1203 1897 Ι
1231 1842 1281 1882 Μ.
1303 1841 1480 1881 Valerius
1499 1840 1550 1880 M.
1571 1841 1598 1881 f.
1626 1840 1632 1895 Ι
1660 1840 1723 1879 Μ’.
1747 1853 1785 1879 n.
1809 1839 1911 1879 Mes-

197 1915 296 1956 sall.¹
324 1911 332 1970 Ι
358 1927 466 1954 cens.
494 1910 501 1969 Ι
528 1926 575 1954 ex
605 1926 638 1953 s.
669 1925 703 1953 c.
733 1912 895 1952 termin.

313 1983 428 2025 Prope
443 1980 591 2014 Romam
608 1991 694 2023 rep.‚
720 1980 817 2022 cippi
833 1979 916 2021 duo,
938 1978 1029 2011 alter
1043 1979 1083 2010 in
1100 1978 1231 2011 deaetra
1248 1979 1329 2019 ripa
1350 1975 1485 2009 Tiberis
1498 1975 1623 2018 paullo
1639 1986 1751 2018 supra
1764 1978 1911 2018 pontem

198 2039 383 2080 Milvium,
414 2038 506 2071 alter
536 2039 576 2069 in
605 2038 757 2069 sinistra
787 2038 870 2078 ripa
896 2034 1021 2078 paullo
1052 2033 1154 2074 infra
1184 2033 1333 2066 eundem
1355 2036 1500 2076 pontem
1533 2031 1605 2077 (VI
1622 2031 1787 2066 5454οἱο
1817 2032 1912 2065 hunc

198 2097 291 2130 vidit
314 2095 483 2135 Huelsen,
507 2093 610 2126 illum
634 2093 725 2126 vidit
747 2095 783 2125 et
805 2090 962 2132 fortasse
983 2091 1081 2124 solus
1103 2092 1263 2124 servavit
1283 2089 1391 2133 Fea).
1438 2088 1581 2123 Similes
1605 2090 1702 2131 cippi
1724 2092 1911 2133 praeterea

197 2154 350 2187 sedecim
376 2151 648 2195 (connumerato
674 2161 714 2182 eo
740 2151 803 2193 qui
824 2150 1005 2191 sequitur)
1030 2149 1165 2190 reperti
1186 2149 1274 2180 sunt
1296 2146 1351 2190 (V
1347 2147 1367 2179 1
1386 2144 1620 2188 51540bseq.;
1646 2144 1792 2179 Notizie
1816 2145 1913 2188 degli

196 2212 298 2245 scavi
308 2210 395 2243 4896
405 2209 527 2252 ρ.524,
544 2207 630 2241 4897
639 2217 675 2249 p.
686 2206 738 2241 40.
750 2205 838 2249 252)
846 2217 863 2247 ;
877 2207 987 2238 unius
998 2215 1045 2238 ea·
1056 2205 1113 2238 Itis
1128 2205 1323 2246 imaginem
1339 2203 1453 2237 edidit
1465 2202 1602 2236 Bitschl
1613 2203 1682 2236 tab.
1693 2201 1875 2236 LXXXIX
1878 2213 1911 2237 a.

198 2286 245 2294 ·-
271 2268 303 2310 1)
327 2266 381 2299 De
406 2264 570 2299 Messalla
595 2262 643 2303 cll
666 2273 778 2307 supra
802 2261 849 2298 N.
863 2263 918 2297 46.
952 2263 988 2296 P.
1007 2261 1183 2295 Servilius
1199 2261 1384 2294 Isauricus
1407 2260 1632 2302 intellegitur
1655 2261 1688 2292 is
1709 2260 1774 2302 qui
1789 2259 1914 2292 consul

198 2324 273 2365 fuit
297 2335 330 2358 a.
353 2333 390 2356 u.
413 2333 443 2356 c.
465 2321 540 2355 675.
590 2320 775 2354 Censorem
804 2324 997 2363 utrumque
1030 2317 1143 2359 fuisse
1173 2320 1326 2351 testatur
1350 2317 1470 2351 Valer.
1493 2317 1593 2351 Max.
1615 2318 1650 2359 8,
1659 2318 1694 2358 5,
1706 2317 1738 2351 6.
1761 2317 1793 2358 9,
1805 2316 1914 2359 44,5,·

195 2382 387 2425 gesserunt
409 2388 598 2412 censuram
622 2387 719 2410 anno
740 2375 894 2422 699s700,
928 2374 976 2416 cll
1001 2375 1160 2410 Momms.
1187 2374 1221 2408 C.
1237 2374 1264 2409 Ι.
1277 2374 1318 2409 L.
1342 2375 1362 2408 1
1379 2385 1417 2418 p.
1433 2374 1496 2408 479
1519 2374 1590 2414 (ed.
1607 2372 1651 2418 1).
1700 2373 1804 2415 Quod
1828 2373 1913 2406 olim

199 2438 438 2477 coniecerant,
463 2434 662 2469 Messallam
685 2436 806 2477 ripam
829 2433 1014 2475 dextram,
1037 2432 1242 2466 Isauricum
1265 2433 1452 2465 sinistram
1477 2431 1734 2471 terminavisse,
1762 2433 1805 2462 ut
1827 2429 1912 2462 alte-

198 2497 278 2529 rius
300 2504 429 2528 nomen
458 2494 498 2525 in
523 2492 687 2525 terminis
709 2491 814 2534 ripae
837 2490 1004 2531 dextrae,
1036 2489 1186 2523 alterius
1208 2490 1247 2522 in
1273 2489 1436 2521 terminis
1464 2490 1568 2530 ripae
1590 2489 1761 2520 sinistrae
1788 2487 1913 2529 priore

198 2562 336 2595 semper
352 2551 429 2584 loco
444 2552 494 2583 sit
510 2549 564 2595 (C.
581 2549 608 2583 Ι.
624 2548 666 2582 L.
691 2548 711 2581 J
731 2547 754 2581 l.
768 2550 827 2590 c.),
849 2547 891 2580 id
903 2549 977 2581 iam
992 2545 1195 2587 refutatum
1212 2548 1263 2578 est
1280 2544 1345 2589 (cll
1362 2545 1514 2578 Huelsen
1531 2543 1566 2579 C.
1582 2544 1610 2577 I.
1622 2543 1663 2577 L.
1683 2542 1736 2577 VI
1744 2553 1782 2586 p.
1794 2542 1913 2585 5409).

199 2627 245 2634 -
270 2610 304 2651 2)
330 2607 371 2641 In
394 2607 546 2651 reliquis
571 2606 734 2639 omnibus
758 2606 874 2648 cippis
897 2606 951 2637 est
973 2613 1065 2638 cens.

314 2687 450 2735 59220
487 2688 540 2728 M.
559 2686 733 2727 Valerius
754 2685 804 2725 M.
825 2686 851 2725 f.
869 2684 932 2725 M’.
955 2698 995 2725 n.
1021 2684 1027 2739 Ι
1055 2684 1243 2732 Messalla,
1269 2682 1275 2737 Ι
1304 2683 1346 2723 P.
1364 2682 1551 2722 Servilius
1573 2681 1614 2721 C.
1631 2682 1657 2720 f.
1675 2680 1885 2729 Isauricus,
1904 2677 1912 2736 Ι

201 2769 389 2798 censores
415 2755 422 2811 Ι
448 2769 495 2797 ex
530 2770 562 2797 s.
594 2768 628 2795 c.
660 2754 821 2795 termin.
852 2765 885 2793 r.
915 2753 965 2792 r.¹
996 2764 1109 2805 prox.
1141 2752 1246 2804 cipp.
1277 2763 1316 2804 p.
1341 2779 1378 2789 ..
1396 2779 1406 2790 .
1447 2751 1455 2800 Ι
1497 2749 1705 2790 Curatores
1735 2750 1910 2802 riparum

201 2827 269 2879 qui
299 2826 418 2879 primi
446 2824 761 2866 terminaverunt
785 2822 791 2876 Ι
819 2834 866 2862 ex
897 2834 928 2862 s.
960 2833 994 2861 c.
1026 2818 1321 2861 restituerunt2.

316 2891 421 2931 Infra
445 2893 568 2925 urbem
593 2902 668 2935 rep.
697 2892 737 2923 in
761 2890 889 2923 dextra
918 2886 1056 2921 Tiberis
1079 2889 1178 2929 ripa,
1209 2886 1259 2919 ad
1277 2887 1421 2928 pontem
1445 2886 1509 2927 qui
1532 2893 1629 2917 nunc
1653 2886 1706 2916 est
1736 2885 1816 2917 viae
1838 2881 1912 2923 fer-

200 2951 314 2992 ratae,
337 2948 433 2981 mille
448 2946 527 2989 sere
540 2959 635 2991 pass.
652 2958 674 2980 a
687 2950 795 2991 porta
814 2946 1003 2978 Portuensi
1018 2943 1091 2989 (VI
1101 2942 1228 2978 545401
1250 2943 1447 2985 pleniorem
1467 2951 1574 2985 quam
1597 2940 1705 2975 1612.
1732 2939 1765 2974 V
1766 2940 1786 2974 Ι
1797 2939 1913 2975 42548

202 3005 312 3039 deser.
331 3005 498 3049 Vaglieri
515 3005 607 3041 Bull.
626 3004 811 3038 comunale
826 3002 911 3036 4894
933 3012 968 3045 p.
984 3002 1084 3044 255).
1101 3019 1146 3025 -
1172 3001 1204 3043 1)
1227 2998 1334 3033 Recto
1358 3000 1482 3041 rigore
1506 3000 1574 3039 (sic
1598 3000 1636 3030 in
1661 2997 1734 3030 alio
1760 2997 1911 3030 termino

207 3059 374 3096 Tiberino
398 3061 446 3097 N.
461 3062 586 3106 5952),
614 3064 699 3094 item
722 3059 825 3100 infra
849 3058 892 3093 N.
908 3059 1020 3093 5947·
1045 3061 1080 3090 et
1102 3057 1200 3092 alibi.
1233 3075 1278 3080 —
1313 3057 1348 3090 2»
1374 3053 1429 3094 Cf.
1454 3054 1499 3088 Ν.
1522 3054 1618 3088 5925
1624 3053 1652 3089 ¹¹.
1674 3051 1801 3088 592411.
