2092 3360
269 170 353 209 544
975 168 1096 214 Caput
1118 168 1239 203 XIIII.

383 282 498 329 6130
555 284 598 323 L.
631 283 825 323 Paeonios
855 282 914 324 Ti.
945 284 971 326 f.
1004 283 1080 335 pr.¹
1108 282 1114 335 Ι
1141 283 1343 323 dedicavit.

384 361 503 395 Setiae
527 361 565 401 (I
576 361 682 402 4459,·
704 360 740 394 X
750 362 854 402 6466,·
876 360 1014 394 ΒίἰωΙιί
1038 362 1106 395 tab.
1126 360 1212 405 Le).
1260 361 1419 394 Litterae
1440 363 1667 404 per-vetustae
1689 364 1775 395 sunt
1799 361 1842 405 (t.
1855 372 1923 405 pro
1942 363 1980 405 1.,

273 421 297 452 Π
322 428 389 461 pro
413 418 463 459 Ρ).
487 436 531 441 -—
558 419 589 458 1)
613 418 771 452 Praitor.
805 418 928 450 Postea
954 417 1072 451 Setiae
1096 418 1343 460 quattuorviri
1366 416 1518 457 fuerunt
1542 416 1608 458 (cf.
1624 427 1736 461 supra
1752 416 1798 452 Ν.
1812 417 1933 462 3397).

385 530 494 576 6131
559 531 605 578 Q.
638 532 882 585 Pomponius
917 532 962 579 Q.
994 533 1040 583 f.‚
1082 531 1087 586 Ι
1129 532 1172 573 L.
1203 533 1341 574 Tulius
1381 534 1465 574 Ser.
1496 534 1523 573 f.
1565 532 1570 587 Ι
1611 534 1804 587 praitores
1843 547 1934 576 aere
1969 532 1977 590 Ι

271 599 409 640 Martio
441 606 594 640 emerut
611 609 708 653 (sie).

387 677 509 719 Corae,
534 676 664 710 litteris
683 679 942 721 antiquissimis
959 677 995 722 (1
1008 677 1114 719 ’1148,·
1138 677 1173 712 X
1183 679 1274 713 6527
1288 678 1379 712 vidit
1395 679 1588 712 Mommsen
1594 691 1610 721 ;
1632 681 1828 722 imaginem
1844 678 1982 714 attechi

272 735 342 768 tab.
359 734 449 776 ΔΒ).
473 752 519 758 -
556 735 588 776 1)
612 735 737 768 Aetate
758 736 958 778 posteriore
983 734 1095 768 Corae
1117 733 1361 778 praefuerunt
1384 737 1630 779 quattuorviri
1653 737 1782 780 (supra
1798 734 1846 770 N.
1859 735 1980 780 3772).

271 791 451 823 Duoviros
480 791 578 823 tituli
607 793 850 834 antiquissimi
875 790 1009 824 Coroni
1034 802 1146 834 supra
1175 790 1221 826 N.
1244 792 1338 826 5596
1370 792 1452 825 aedi
1482 793 1702 826 dedicandae
1729 791 1843 832 fuisse
1869 795 1980 836 putat

271 847 464 881 Mommsen
490 846 524 882 C.
538 847 565 881 I.
579 847 619 882 L.
643 846 679 881 X
698 859 732 891 71.
748 850 823 882 645.

386 960 501 1008 6132
559 963 604 1004 L.
635 964 823 1005 Terentio
854 964 899 1005 L.
930 965 971 1013 f.‚
999 965 1005 1014 Ι
1040 963 1081 1004 C.
1114 964 1333 1016 Aprusenio
1365 964 1407 1006 C.
1438 965 1478 1014 f.‚
1506 963 1512 1018 Ι
1539 964 1583 1005 L.
1616 964 1794 1018 Turpilio
1827 964 1869 1006 C.
1899 966 1941 1014 f..
1968 962 1978 1020 Ι

273 1032 324 1072 Μ.
346 1031 500 1072 Albani.
530 1032 575 1072 L.
605 1033 646 1081 f.‚
674 1034 680 1083 Ι
715 1033 759 1073 Τ.
791 1033 967 1073 Munatio
998 1032 1044 1071 T.
1077 1032 1103 1072 f.
1133 1030 1138 1086 Ι
1175 1031 1417 1084 quaistores¹
1453 1030 1460 1088 Ι
1492 1033 1573 1073 aire
1603 1032 1858 1073 multaticod²
1879 1030 1887 1087 Ι
1912 1033 1980 1074 de-

273 1101 428 1140 deront.

385 1167 505 1200 Firmi
527 1168 566 1199 in
591 1166 721 1200 Piceno
745 1177 820 1210 rep.
843 1176 917 1199 una
941 1176 1022 1199 cum
1045 1166 1091 1202 N.
1114 1168 1222 1210 5488,
1256 1167 1385 1201 tabella
1410 1178 1537 1210 aenea,
1567 1169 1641 1200 iam
1664 1168 1816 1201 Parisiis
1839 1165 1878 1210 (I
1897 1166 1981 1211 481,-

274 1222 326 1256 IX
343 1224 432 1258 5551
460 1222 652 1256 Mommsen
676 1222 768 1255 vidit
791 1226 973 1267 ectypum,·
1008 1222 1147 1257 Bitschl
1171 1225 1242 1258 tab.
1257 1223 1418 1258 XCVIIa
1437 1222 1560 1266 praefi
1575 1234 1611 1266 p.
1625 1222 1697 1268 94).
1713 1243 1757 1248 —
1785 1225 1815 1266 1)
1842 1223 1981 1267 Septem

276 1284 482 1324 quaestores
505 1282 546 1313 in
570 1283 594 1314 t.
618 1282 754 1313 vetusto
778 1279 1029 1314 Beneventano
1054 1280 1108 1314 IX
1127 1281 1224 1315 4636.
1247 1300 1293 1306 -
1322 1282 1356 1322 2)
1383 1279 1437 1320 Cf.
1462 1279 1507 1314 N.
1530 1280 1628 1314 6207.
1651 1280 1754 1315 6254.

389 1519 527 1567 61328
574 1521 631 1563 V.¹
662 1522 785 1562 Avilio
818 1521 861 1562 V.
893 1523 933 1569 f..
965 1521 1010 1561 V.
1031 1520 1185 1561 Allieno
1216 1522 1286 1562 Po.
1318 1523 1344 1562 f.
1375 1522 1465 1575 pagi
1496 1522 1662 1565 veheia².

389 1600 504 1643 Prope
528 1600 736 1642 Mas-saccio,
761 1601 824 1633 ubi
846 1599 922 1640 fuit
947 1600 1066 1643 Cupra
1091 1599 1275 1640 Montana,
1300 1611 1386 1644 rep„
1419 1603 1458 1634 in
1482 1602 1648 1643 margine
1669 1603 1816 1643 paterae
1839 1589 1981 1642 aeneae,

277 1656 418 1690 litterae
448 1659 610 1700 punctim
642 1661 818 1691 eaearatae
849 1657 916 1701 (IX
936 1658 1024 1691 5699
1054 1657 1103 1690 ad
1125 1658 1319 1699 imaginem
1347 1659 1382 1689 et
1404 1658 1672 1700 apographum,
1701 1654 1865 1696 confecta
1887 1667 1979 1690 saec.

276 1712 428 1758 XVIII).
464 1733 509 1738 —
547 1715 579 1756 1)
606 1714 729 1748 Vibios
754 1713 891 1758 (imago
916 1715 1027 1746 etiam
1049 1712 1075 1746 L
1100 1713 1288 1758 admittit).
1318 1733 1364 1738 -
1399 1715 1433 1756 2)
1457 1714 1511 1747 De
1530 1723 1628 1757 pago
1652 1712 1775 1756 aliquo
1801 1713 1981 1747 Veheiano

278 1771 415 1812 cogitat
437 1770 648 1814 Mommsen,
680 1772 744 1814 qui
769 1781 836 1814 per
857 1772 1050 1813 magistros
1072 1770 1234 1803 Acilium
1258 1773 1293 1802 et
1315 1770 1494 1811 Alfienum
1527 1770 1747 1803 dedicaverit
1769 1770 1861 1802 hanc
1880 1772 1982 1812 pate-

277 1837 377 1868 ram‚·
405 1822 562 1860 ‘velzeia’
593 1828 688 1860 idem
717 1838 790 1860 esse
819 1837 863 1860 ac
887 1821 1027 1868 ‘scitu'‚
1063 1828 1120 1861 vet
1142 1822 1316 1861 ‘decreto'
1352 1827 1451 1871 apud
1477 1831 1612 1861 veteres
1645 1827 1799 1859 Picentes
1833 1826 1984 1858 coniecit

278 1883 412 1916 Jordan
437 1885 660 1927 quaestiones
683 1885 896 1917 arclzaeicae
917 1883 1010 1928 [ind.
1035 1885 1175 1919 lection.
1199 1886 1424 1918 universitat.
1449 1884 1624 1918 Albertin.
1647 1881 1752 1927 4884]
1771 1893 1807 1926 p.
1830 1881 1862 1916 7.

390 2007 529 2055 6132'0
583 2010 634 2051 M.
666 2011 894 2052 Petrucidi.¹
926 2011 967 2051 C.
998 2012 1048 2059 f..
1087 2010 1131 2051 L.
1164 2010 1322 2050 Pacidi.¹
1353 2011 1396 2050 P.
1430 2006 1494 2066 [f.]
1528 2041 1537 2050 .
1559 2040 1568 2048 .
1591 2039 1600 2048 .
1624 2009 1651 2049 ,²
1690 2005 1696 2064 Ι
1736 2020 1824 2050 aras
1853 2007 2003 2061 crepiss

278 2076 393 2116 dine³
423 2075 657 2134 colu[mnas]
690 2108 700 2118 .
724 2109 733 2119 .
756 2109 766 2119 .
789 2109 811 2128 .‚
840 2077 845 2134 Ι
873 2079 1092 2131 magistris⁴
1120 2080 1169 2120 de
1200 2076 1455 2134 alec[torum⁶
1484 2074 1684 2132 sententia]
1718 2107 1728 2116 .
1752 2106 1762 2116 .
1785 2106 1795 2116 .

393 2156 506 2199 Prope
531 2157 677 2199 Cellino‚
707 2159 804 2190 inter
834 2158 1008 2191 Hadriam
1032 2159 1154 2192 Piceni
1182 2160 1217 2190 et
1239 2158 1497 2191 Interamnium
1522 2157 1854 2190 Praetuttianorum
1877 2153 1985 2195 (Bar-

279 2213 385 2245 nabei
409 2213 552 2247 Notizie
575 2215 672 2258 degli
694 2216 795 2248 scavi
817 2215 905 2248 4893
927 2226 963 2258 p.
978 2215 1040 2248 414
1065 2225 1144 2248 cum.
1168 2215 1355 2259 imagine).
1391 2233 1437 2238 —
1474 2214 1506 2255 1)
1530 2213 1573 2246 In
1595 2214 1749 2256 utroque
1777 2211 1922 2245 nomine
1945 2207 1985 2243 el

282 2260 423 2302 litterae
451 2281 549 2304 more
578 2271 726 2304 insolito
757 2273 997 2314 contignatae.
1045 2270 1259 2314 Significari
1287 2270 1441 2305 mediam
1465 2269 1646 2313 quandam
1674 2277 1795 2302 vocem
1817 2266 1922 2300 inder-
1944 2264 1985 2300 CI

281 2329 315 2358 et
351 2325 389 2360 SI
425 2329 578 2361 coniecit
610 2328 739 2362 Pascal
773 2327 934 2369 (Notizie
964 2328 986 2362 l.
1018 2338 1047 2361 c.
1078 2339 1115 2372 p.
1144 2328 1239 2372 415).
1293 2326 1492 2361 Petrucidii
1526 2336 1654 2360 nomen
1687 2324 1728 2358 ΙΙ
1752 2323 1848 2366 4967,
1870 2323 1904 2357 Ι.
1938 2339 1986 2348 -

280 2384 314 2425 2)
340 2382 520 2425 Quantum
543 2387 582 2418 in
605 2384 738 2425 finibus
759 2384 986 2428 singulorum
1009 2395 1173 2418 versuum
1197 2386 1358 2428 perierit,
1387 2394 1461 2417 non
1484 2385 1646 2426 apparet.
1680 2400 1727 2406 —
1762 2381 1797 2423 3)
1826 2378 1985 2423 Crepidi-

280 2450 372 2475 nem.
401 2460 445 2465 —
480 2443 515 2484 4)
540 2441 711 2484 Magistri
735 2441 800 2486 (sc.
824 2443 861 2474 ii.
878 2451 1030 2484 quorum
1053 2443 1199 2475 nomina
1225 2442 1333 2474 initio
1358 2440 1456 2473 tituli
1474 2440 1588 2483 positi
1611 2437 1722 2483 sunt).
1760 2437 1985 2479 Coniungen-

282 2497 366 2529 dum
390 2498 456 2531 lzoc
480 2508 559 2531 cum
583 2499 787 2532 nominibus
809 2510 840 2533 v.
863 2498 895 2533 4.
930 2515 974 2522 —
1010 2498 1045 2539 5)
1069 2497 1199 2531 Allecti
1222 2497 1392 2530 videntur
1424 2497 1483 2529 hic
1514 2496 1603 2529 dicti
1632 2506 1705 2528 esse
1737 2495 1801 2538 qui
1823 2493 1986 2528 ordinem

282 2551 497 2594 efficiebant,
522 2557 564 2587 ut
586 2555 676 2588 alibi
699 2555 902 2599 conscripti.
