2092 3360
614 141 729 178 Tituli
752 141 1001 188 municipales.
1025 161 1070 167 —
1095 141 1172 178 Lex
1196 141 1425 179 Ursonensis.
1794 140 1876 179 503

166 248 281 300 ffi‘v'
310 259 404 299 anni
444 255 768 313 arripluissent²⁴,
807 264 852 297 ut
882 269 956 310 pro
987 257 1183 311 portione,
1223 270 1340 310 quam
1379 258 1446 299 diu
1486 257 1752 312 apparuissint
1775 262 1895 305 (eie-J„

166 326 401 382 merlcedem
431 339 504 381 pro
536 339 584 367 eo
616 324 862 380 kaperent²³,
898 326 1006 378 itque
1037 326 1083 366 iis
1113 338 1145 366 s.
1176 326 1202 366 s.
1233 339 1263 367 s.
1296 338 1330 366 c.
1362 324 1423 367 1.²⁸

281 395 434 436 LXllll.
495 385 603 435 fiviri
624 395 864 448 quicumque
895 401 986 447 post
1010 394 1141 436 colon.
1163 394 1371 435 deductam
1393 401 1526 443 erunt,
1558 394 1583 434 ii
1605 394 1644 435 in
1666 390 1820 449 dielbus
1842 392 1876 433 X

165 465 382 518 proxumis,
422 463 566 516 quibus
597 476 686 504 eum
720 476 820 516 mag.
852 476 990 517 gerere
1021 462 1240 515 coeperint,
1279 462 1349 516 at!
1385 463 1622 503 decuriones
1656 463 1875 509 referunto',

164 546 255 573 cum
286 545 368 573 non
401 532 533 573 minus
563 532 662 572 duae
693 538 824 585 partes
865 531 871 585 Ι
912 531 1085 579 aderint,
1127 543 1227 583 quos
1257 538 1296 571 et
1326 538 1425 584 quot
1454 531 1538 572 dies
1568 531 1690 571 festos
1719 543 1806 571 esse
1837 536 1876 570 et

164 613 264 653 quae
294 613 403 642 sacra
429 599 435 656 Ι
472 601 556 641 fieri
587 600 746 652 publice
776 600 928 653 placeat
958 606 998 640 et
1028 611 1128 652 quos
1159 610 1204 638 ea
1234 611 1341 639 sacra
1374 600 1503 640 facere
1535 598 1708 653 planezat.
1770 598 1877 646 Quot

163 682 210 710 ex
241 669 297 710 eis
327 668 446 709 rebus
475 668 736 709 decurionum
771 669 894 709 maior
924 680 1028 721 pars,
1060 667 1126 720 qui
1152 664 1159 722 Ι
1186 673 1270 707 tum
1301 667 1482 715 aderunt,
1522 667 1769 708 decreverint
1797 672 1875 707 sta-

163 737 324 784 tuerint,
356 737 386 776 it
415 737 476 777 ius
506 735 726 791 ratumlque
757 745 854 783 esto,
885 749 1010 788 eaque
1039 748 1148 776 sacra
1179 736 1294 788 eique
1325 735 1407 776 dies
1438 735 1525 775 resti
1557 735 1597 775 in
1630 747 1674 776 ea
1705 734 1835 775 colon.
1865 733 1872 791 Ι

162 812 294 846 sunto.

277 872 389 913 LXV.
449 873 558 919 Quae
598 873 766 926 pecunia
806 885 958 925 poenae
1001 872 1162 912 nomine
1192 871 1244 911 ob
1274 867 1520 927 vectiga[l]ia‚
1561 884 1662 924 quae
1698 871 1703 916 Ι
1742 872 1873 912 colon.

161 942 208 983 G.
236 939 342 982 lul.²⁷
373 948 504 989 erunt,
535 941 576 981 in
609 941 810 994 publicum
841 941 998 981 redacta
1028 941 1115 989 erit,
1148 952 1233 980 eam
1260 938 1266 995 Ι
1293 940 1504 992 pecuniam
1537 940 1679 992 nequis
1710 952 1874 992 erogare

162 1023 260 1052 neve
290 1010 355 1052 cui
385 1011 477 1051 dare
508 1022 606 1050 neve
636 1006 864 1066 attriflbuere
895 1015 1131 1062 potestatem
1169 1009 1313 1049 habeto
1347 1008 1420 1048 nisi
1451 1015 1490 1048 at
1520 1021 1564 1048 ea
1594 1021 1727 1057 sacra,
1772 1021 1871 1061 quae

161 1081 200 1120 in
237 1077 242 1135 Ι
280 1079 411 1120 colon.
442 1078 566 1119 aliove
605 1090 684 1130 quo
715 1077 802 1118 loco
834 1077 1069 1117 colonorum
1112 1078 1274 1118 nomine
1303 1074 1423 1124 fiat²⁸,
1466 1078 1472 1128 Ι
1514 1089 1611 1116 neve
1642 1077 1732 1129 quis
1761 1077 1874 1117 aliter

159 1161 245 1189 eam
267 1147 478 1201 pecuniam
507 1160 539 1187 s.
571 1147 597 1186 f.
629 1146 679 1186 s.¹
708 1145 853 1198 kapite,
886 1146 974 1185 nive
986 1143 1018 1164 ²⁹
1049 1145 1137 1198 quis
1164 1143 1169 1200 Ι
1203 1146 1251 1186 de
1282 1158 1327 1185 ea
1357 1145 1528 1198 pecunia
1557 1145 1604 1185 ad
1637 1145 1873 1186 decuriones

158 1215 361 1257 reserundi
393 1228 490 1255 neve
521 1214 609 1267 quis
634 1213 640 1267 Ι
667 1214 715 1254 de
736 1226 780 1254 ea
802 1214 972 1266 pecunia
1001 1214 1241 1254 sententiam
1272 1213 1428 1254 dicendi
1459 1214 1520 1254 ius
1551 1219 1733 1266 potestat.
1760 1211 1767 1268 Ι
1795 1226 1872 1266 que

157 1285 312 1327 habeto.
372 1283 549 1336 Eamque
578 1283 790 1336 pecuniam
821 1283 868 1322 ad
900 1295 945 1323 ea
974 1295 1102 1332 sacra,
1142 1295 1243 1335 quae
1280 1280 1286 1338 Ι
1322 1283 1362 1322 in
1397 1294 1441 1322 ea
1471 1282 1605 1322 colon.
1637 1282 1761 1322 aliove
1791 1295 1871 1335 quo

157 1354 244 1394 loco
270 1350 486 1393 colonor.³⁰
516 1352 678 1392 nomine
704 1349 710 1406 Ι
738 1352 854 1400 fient,
884 1341 993 1391 Hviri
1013 1358 1097 1402 (sic)
1129 1364 1160 1392 s.
1184 1353 1208 1391 f.
1230 1352 1279 1391 s.²
1303 1351 1394 1391 dato
1412 1354 1496 1399 (sic)
1528 1350 1732 1390 attribuito
1763 1350 1871 1403 itque

156 1422 191 1462 ei
222 1423 351 1462 facere
387 1419 394 1475 Ι
429 1421 489 1461 ius
527 1426 739 1473 potestasq.
771 1427 868 1461 esto.
930 1420 1055 1472 Eique
1096 1419 1159 1459 cui
1191 1432 1235 1460 ea
1276 1415 1475 1475 [p]ecunia
1511 1416 1678 1473 dabiltur
1716 1432 1747 1459 s.
1781 1419 1805 1458 f.
1839 1432 1869 1459 s.

155 1491 299 1543 kapere
330 1490 458 1530 liceto.

269 1558 400 1599 LXVI.
460 1557 579 1605 Quos·
606 1558 816 1610 pontifices
856 1570 1035 1610 quosque
1075 1570 1244 1610 augures
1283 1557 1328 1596 G.
1361 1556 1516 1602 Caesar,
1556 1557 1671 1608 quive
1712 1553 1718 1610 Ι
1760 1556 1869 1597 iussu

156 1629 241 1669 eius
271 1628 404 1668 colon.
435 1627 661 1676 deduxerit,
700 1627 839 1668 fecerit
869 1640 918 1667 ex
950 1627 1080 1667 colon.
1113 1624 1280 1682 Gelnet„
1315 1626 1350 1666 ei
1380 1621 1622 1682 pon[t]i[ices
1652 1626 1768 1677 eique
1798 1637 1868 1665 au·

154 1708 274 1749 gures
305 1709 338 1737 c.
361 1696 406 1736 G.
428 1693 492 1736 1.²⁷
522 1701 656 1744 sunt0,
687 1696 764 1748 eiq.
793 1693 799 1749 Ι
826 1691 1097 1752 pon[t]i[fi]ces
1128 1707 1378 1748 auguresque
1403 1695 1443 1734 in
1467 1694 1701 1747 pontificum
1732 1692 1869 1748 augui-

154 1777 244 1805 rum
276 1764 458 1816 conlegio
479 1764 519 1804 in
543 1777 588 1804 ea
610 1764 740 1804 colon.
762 1771 896 1812 sunto,
928 1765 978 1804 ita
1000 1765 1057 1804 uti
1079 1764 1146 1816 qui
1174 1761 1180 1817 Ι
1207 1764 1353 1817 optima
1372 1766 1456 1812 (sic)
1488 1763 1575 1815 lege
1597 1770 1760 1815 optumo
1782 1762 1867 1802 iure

154 1833 195 1873 in
228 1844 384 1885 quaque
414 1832 544 1872 colon.
573 1830 579 1887 Ι
606 1832 747 1885 pontif.
778 1845 949 1885 augures
979 1838 1073 1873 sunt
1093 1838 1224 1872 erunt.
1275 1832 1406 1884 lisque
1429 1829 1685 1885 pontificibus
1711 1829 1717 1883 Ι
1744 1841 1867 1880 augu-

155 1897 390 1957 ri[b]usque,
420 1901 488 1953 qui
509 1901 549 1941 in
572 1913 732 1952 quoque
755 1912 894 1940 eorum
915 1900 1082 1952 collegio
1109 1897 1117 1955 Ι
1142 1906 1274 1949 erunt,
1305 1900 1520 1951 liberisque
1542 1911 1679 1938 eorum
1709 1897 1868 1937 militiae

155 1966 426 2024 munerisqssue
465 1968 614 2021 publici
648 1969 797 2009 vacatio
838 1981 950 2009 sacro
981 1966 1197 2009 sanctius³²
1236 1974 1333 2018 esto,
1374 1968 1429 2008 uti
1465 1965 1656 2022 ponitifici
1687 1966 1867 2006 Romano

155 2043 216 2078 est
246 2037 333 2085 erit,
365 2049 488 2089 eaque
500 2034 531 2055 ³²
561 2036 741 2076 militaria
773 2048 817 2076 ea
848 2037 994 2087 omniIa
1026 2037 1163 2076 merita
1194 2042 1326 2076 sunto.
1387 2035 1442 2075 De
1471 2035 1657 2088 auspiciis
1686 2046 1868 2086 quaeque

155 2106 203 2145 ad
242 2118 308 2146 eas
352 2117 415 2146 res
455 2102 731 2159 petitinebunt
772 2117 966 2157 augurum
1014 2105 1111 2145 iuris
1156 2105 1275 2145 dictio
1321 2104 1504 2144 iudicatio
1550 2110 1647 2144 esto.
1709 2100 1867 2158 Eis}que

157 2174 376 2227 pontificib.
417 2174 715 2225 auguribusque
745 2173 859 2221 ludis,
897 2180 994 2225 quot
1023 2172 1182 2226 publice
1212 2169 1478 2226 malgistratus
1507 2172 1671 2220 facient,
1707 2179 1747 2211 et
1776 2183 1866 2212 cum

157 2243 192 2283 ei
224 2243 401 2296 pontific.
433 2255 603 2295 augures
631 2239 753 2296 salora
783 2241 942 2294 publica
972 2254 1006 2281 c.
1039 2241 1084 2282 G.
1114 2239 1179 2281 1.²⁷
1208 2242 1374 2290 facient,
1407 2247 1516 2292 togas
1546 2246 1768 2293 praetextas
1797 2239 1867 2279 ha-

155 2308 291 2367 benldi
333 2311 393 2351 ius
431 2317 646 2363 potestasq.
679 2317 776 2358 esto,
815 2310 952 2362 eisque
990 2310 1210 2363 pontificib.
1242 2308 1496 2365 augurio-lq.
1529 2308 1643 2349 ludos
1678 2308 1867 2360 gladiato-

156 2391 261 2432 resq.
291 2380 397 2420 inter
426 2379 662 2419 decuriones
693 2375 884 2433 spectalre
914 2379 976 2419 ius
1004 2386 1258 2432 potestasque
1289 2385 1388 2418 esto.

270 2447 420 2488 LXVll.
466 2447 715 2499 Quicumque
747 2447 888 2499 pontis.
920 2447 1066 2499 quique
1098 2459 1269 2499 augures
1299 2460 1333 2487 c.
1356 2446 1401 2486 G.
1425 2443 1488 2486 l.²⁷
1518 2453 1609 2498 post
1638 2445 1675 2484 h.
1698 2441 1758 2487 l.³³
1786 2442 1866 2498 daff-

157 2523 236 2556 tam
267 2516 307 2556 in
339 2516 564 2569 conlegium
595 2515 775 2569 pontific.
805 2526 1041 2567 augurumq.
1071 2516 1112 2555 in
1143 2512 1356 2571 demoritui
1394 2514 1614 2554 damnative
1653 2513 1742 2552 loco
1773 2512 1811 2551 h.
1841 2513 1866 2551 l.

157 2583 282 2624 lectus
312 2590 567 2637 cooptatusve
598 2583 686 2631 erit,
713 2580 719 2637 Ι
755 2582 787 2623 is
812 2583 953 2635 pontif.
984 2595 1151 2636 augurq.
1182 2583 1221 2623 in
1255 2597 1288 2624 c.
1321 2580 1428 2623 ΙυΙ.34
1457 2583 1496 2622 in
1530 2581 1754 2633 conlegium
1782 2585 1866 2628 (sic)

157 2649 371 2704 pontifex⁸⁶
397 2650 403 2706 Ι
429 2664 596 2705 augurq.
617 2659 717 2699 esto,
749 2651 800 2690 ita
821 2651 878 2690 uti
900 2651 967 2702 qui
993 2657 1153 2704 optuma
1175 2651 1261 2704 lege
1288 2652 1328 2691 in
1353 2663 1510 2702 quaque
1536 2651 1543 2700 Ι
1570 2649 1701 2689 colon.
1722 2649 1864 2702 pontif.

159 2731 370 2772 auguresq.
400 2727 494 2760 sunt
515 2727 646 2760 erunt.
705 2719 810 2760 Neve
841 2719 929 2771 quis
955 2717 960 2773 Ι
987 2731 1105 2771 quem
1137 2720 1176 2759 in
1211 2719 1436 2771 conlegium
1468 2717 1701 2770 pontificum
1732 2717 1865 2770 kapito

272 2845 329 2886 23)
353 2844 537 2887 Quartam.
561 2863 607 2869 —
641 2845 698 2884 24)
723 2843 799 2877 Sor.
825 2842 1075 2886 apparuissent.
1100 2861 1146 2866 —
1179 2843 1236 2883 25)
1260 2842 1315 2875 Be
1336 2853 1377 2875 re
1401 2840 1449 2881 cs:
1473 2841 1632 2875 Momms.
1656 2840 1747 2883 Epic.
1773 2851 1825 2884 ep.
1840 2842 1866 2875 3

154 2910 192 2942 p.
207 2900 283 2935 408.
306 2919 352 2925 —
377 2902 434 2943 26)
460 2900 546 2935 Sino
568 2899 703 2940 fraude
725 2910 791 2932 sua
817 2909 941 2942 capere
966 2899 1079 2932 liceto.
1102 2916 1146 2923 —
1181 2899 1238 2940 27)
1263 2898 1430 2932 Coloniae
1457 2896 1646 2931 Genetivao
1668 2897 1792 2931 Iuliae.
1822 2916 1867 2921 —

159 2956 216 2999 28)
239 2956 317 2991 Ser.
341 2955 435 2991 flant.
472 2957 527 2990 De
549 2967 589 2990 re
614 2955 661 2997 cf:
686 2956 844 2990 Momms.
869 2955 960 2999 Eph.
977 2966 1030 2998 ep.
1045 2957 1070 2990 5
1092 2966 1127 2998 p.
1144 2955 1217 2990 406.
1242 2973 1288 2979 —
1312 2955 1370 2996 29)
1394 2954 1472 2988 Ser.
1497 2963 1594 2987 neve.
1618 2972 1663 2978 —
1690 2955 1747 2995 30)
1771 2953 1865 2988 colo·

160 3012 232 3046 nori
255 3023 325 3048 aes.
363 3031 403 3038 -
442 3014 499 3055 31)
529 3012 606 3047 Sor.
632 3017 859 3047 sacrosancta.
898 3032 939 3038 —-
977 3012 1033 3053 32)
1066 3011 1143 3045 Ser.
1178 3021 1334 3056 aeraque.
1370 3030 1415 3035 —
1452 3009 1511 3055 33)
1543 3011 1644 3044 Hanc
1674 3011 1794 3053 legem.
1820 3029 1866 3035 -

161 3069 218 3110 34)
243 3068 390 3103 Colonia
416 3070 521 3103 Iulia.
546 3089 588 3095 -—
615 3071 672 3109 35)
696 3069 775 3104 Ser.
802 3067 1014 3112 pontificum.
