2092 3360
646 159 763 197 Tituli
786 170 938 206 operum
961 159 1198 205 locorumque
1221 159 1460 205 publicorum.
1829 157 1912 196 347

184 271 280 317 vnon
303 283 435 325 erunt,
466 276 573 318 calce
599 275 606 326 Ι
633 276 702 330 (18)
723 277 912 317 harenato
924 276 951 298 ¹⁹
982 276 1047 316 lita
1069 275 1269 329 politaque
1291 283 1330 315 et
1351 275 1456 315 calce
1479 275 1553 315 uda
1575 273 1752 314 deaibata
1774 280 1882 314 recte
1901 271 1909 330 Ι

198 346 266 396 (19)
287 345 420 385 facito.
486 344 600 392 Quod
648 357 749 398 opus
793 345 971 386 structile
1016 340 1133 393 siet²⁰‚
1178 344 1218 383 in
1267 351 1370 384 terra
1416 343 1534 384 calcis
1574 343 1580 397 Ι
1622 343 1690 394 (20)
1711 342 1914 383 restinctai

198 420 351 466 partem
374 420 553 466 quartam
576 413 749 454 indito²¹.
790 413 884 454 Nive
907 414 1094 454 maiorem
1122 412 1128 466 Ι
1155 414 1223 464 (21)
1242 408 1482 453 caementa²²
1509 412 1651 453 struito
1674 423 1792 463 quam
1814 423 1914 463 quae

199 488 402 522 caementa
423 482 516 523 arda
534 478 542 538 Ι
562 481 631 535 (22)
645 482 790 535 pendat
809 477 879 535 p.²³
899 481 978 530 XV,
1006 481 1096 522 nive
1117 478 1354 534 angolaria²⁴
1375 481 1554 520 altiorem
1576 479 1650 520 1:
1666 476 1735 526 Ε25
1756 471 1917 531 sacit0.ss
1943 521 1945 523 ,

198 550 307 603 (3,1)
338 550 570 603 Locumque
609 562 755 603 purum
794 562 867 603 pro
908 562 956 590 eo
994 562 1115 602 opere
1146 549 1313 589 reddito.
1355 547 1360 604 Ι
1400 550 1450 600 (2)
1473 548 1610 588 Eidem
1650 547 1791 589 sacella
1829 560 1916 588 aras

199 619 405 671 signaque,
437 619 597 671 quaein
627 619 632 674 Ι
661 619 709 672 (3)
727 631 868 672 campo
889 626 995 667 sunt,
1027 630 1128 671 quae
1158 618 1425 658 demonstrata
1458 623 1589 664 erunt,
1617 614 1622 670 Ι
1650 617 1698 670 (4)
1718 629 1761 656 ea
1783 616 1915 656 omnia

200 687 326 727 tollito
348 687 499 727 deserto
521 687 752 740 componito
780 686 786 742 Ι
813 689 861 740 (5)
878 687 1132 739 statuitoque‚
1161 685 1253 726 ubei
1275 685 1386 725 loeus
1407 686 1702 725 demonstratus
1729 683 1734 738 Ι
1764 685 1811 735 (6)
1829 684 1915 733 erit,

201 755 451 796 duumvirum
482 755 688 796 arbitratu.
716 753 722 810 1

315 823 367 877 (7)
385 824 471 864 Hoc
503 836 605 876 opus
635 836 754 864 omne
784 823 901 863 facito
928 822 1121 863 arbitratu
1144 821 1295 862 duovir.
1324 820 1330 875 Ι
1358 822 1406 872 (8)
1429 827 1467 860 et
1497 820 1757 861 duoviratium
1769 817 1808 869 ²⁰,
1850 821 1916 873 qui

200 893 240 932 in
263 892 430 933 consilio
453 904 538 933 esse
564 892 571 947 Ι
608 893 657 944 (9)
678 892 809 933 solent
828 891 1046 939 Puteoleis,
1078 890 1173 931 dum
1205 890 1246 930 ni
1277 889 1411 930 minus
1441 889 1577 941 viginti
1616 888 1621 944 Ι
1656 889 1726 942 (10)
1747 889 1915 938 adsient,

200 974 291 1001 cum
314 974 356 1001 ea
380 973 443 1002 res
463 960 707 1001 consuletur.
767 959 882 1007 Quod
909 957 915 1015 Ι
943 959 1011 1011 (11)
1033 971 1173 999 eorum
1203 958 1340 1010 viginti
1371 957 1485 998 iurati
1517 957 1790 1010 probaverint,
1820 970 1916 1011 pro-

202 1029 296 1069 bum
322 1028 327 1084 Ι
358 1029 424 1081 (12)
447 1035 554 1078 esto;
595 1028 702 1081 quod
731 1028 804 1068 ieis
833 1027 1109 1080 inprobarint‚
1140 1026 1355 1080 inprobum
1388 1033 1485 1066 esto.
1515 1023 1520 1080 Ι
1549 1027 1615 1077 (13)
1637 1027 1728 1067 Dies
1759 1026 1913 1079 operis:

201 1098 238 1138 k.
261 1098 471 1138 Novembr.
503 1096 676 1150 primeis.
736 1096 829 1137 Dies
847 1108 1019 1150 pequn.:
1047 1093 1054 1149 Ι
1080 1097 1149 1147 (14)
1168 1107 1258 1148 pars
1288 1094 1447 1135 dimidia
1478 1094 1660 1139 dabitur,
1680 1095 1770 1135 ubei
1801 1107 1916 1148 prae-

201 1166 263 1206 dia
293 1166 386 1206 satis
420 1162 426 1220 Ι
462 1165 532 1218 (15)
554 1165 785 1218 subsignata
815 1171 956 1213 erunt;
1003 1164 1124 1204 altera
1155 1176 1248 1216 pars
1277 1163 1435 1203 dimidia
1465 1163 1639 1202 solvetur
1664 1161 1670 1216 Ι
1706 1163 1773 1214 (16)
1796 1175 1917 1215 opere

203 1235 344 1274 effecto
365 1233 626 1286 probatoque.
688 1232 728 1273 C.
747 1232 921 1273 Blossius
943 1232 989 1279 Q.
1011 1233 1037 1272 f.
1067 1229 1072 1285 Ι
1095 1227 1332 1279 41800927,
1363 1231 1467 1271 idem
1488 1226 1647 1284 praes.²⁸
1674 1230 1722 1278 Q.
1745 1230 1917 1271 Fuficius

202 1302 250 1349 Q.
271 1303 319 1351 f.;
346 1300 352 1357 Ι
381 1301 452 1341 Cn.
474 1301 651 1341 Tetteius
681 1301 728 1348 Q.
757 1302 805 1351 f.;
845 1301 886 1342 C.
909 1301 1080 1342 Granius
1109 1300 1151 1341 C.
1179 1302 1228 1349 f.;
1267 1300 1326 1340 Ti.
1349 1295 1607 1339 Crassicius?

315 1380 483 1423 Puteolis,
503 1383 626 1425 postea
640 1379 806 1424 Neapoli,
829 1381 893 1412 ubi
908 1382 1012 1413 extat
1026 1380 1066 1412 in
1081 1389 1202 1412 museo
1220 1377 1254 1423 (1
1268 1379 1343 1412 577.
1367 1377 1403 1411 Χ
1413 1377 1509 1411 4784.
1532 1376 1671 1410 Ritsclzl
1687 1378 1757 1410 tab.
1771 1376 1917 1421 LXVI).

205 1437 334 1471 Tribus
355 1438 503 1479 paginis
526 1438 663 1480 scripta
688 1439 750 1479 est,
781 1447 871 1480 quas
893 1436 1096 1480 duplicibus
1120 1437 1232 1469 hastis
1256 1435 1429 1468 indicavi.
1477 1434 1638 1468 Litterae
1661 1434 1774 1467 multo
1795 1436 1918 1476 graci-

202 1495 310 1528 liores
340 1496 425 1527 sunt
453 1504 562 1538 quam
593 1496 632 1527 in
661 1494 814 1537 reliquis
845 1494 959 1527 titulis
990 1493 1091 1527 illius
1122 1494 1272 1534 aetatis‚·
1311 1493 1352 1525 ob
1384 1492 1478 1525 lianc
1513 1492 1738 1534 potissimum
1773 1501 1918 1524 causam

201 1551 347 1584 titulum
370 1552 577 1584 restitutum
604 1554 739 1594 putant
763 1553 880 1583 aetate
904 1551 1152 1594 imperatoria.
1177 1569 1221 1574 —-
1257 1549 1394 1593 Optime
1417 1548 1622 1581 illustravit
1648 1547 1709 1581 ΤΙι.
1738 1548 1920 1591 Wiegand

202 1609 264 1641 die>
280 1609 550 1652 puteolanisclie
573 1606 828 1647 Bauinschrisi
853 1607 994 1651 (Jahrb.
1018 1606 1046 1647 fl
1067 1607 1168 1640 class.
1186 1606 1275 1640 Plzil.
1299 1606 1415 1650 suppl.
1433 1604 1502 1639 XX
1521 1605 1605 1638 4894
1623 1616 1662 1648 p.
1678 1606 1739 1639 664
1752 1616 1822 1648 seq.
1826 1608 1857 1647 ).
1874 1623 1918 1629 —

205 1667 238 1707 1)
264 1665 410 1699 Colonia
435 1665 575 1698 Puteoli
598 1675 678 1697 cum
702 1665 855 1698 deducta
880 1665 930 1697 sit
952 1675 985 1698 a.
1009 1675 1046 1699 u.
1071 1674 1100 1698 c.
1116 1665 1194 1706 560,
1224 1675 1341 1696 annus
1366 1663 1529 1697 coloniae
1552 1664 1807 1704 nonagesimus
1838 1672 1919 1695 vere

202 1722 332 1754 incidit
354 1723 394 1754 in
418 1732 452 1756 a.
475 1732 511 1756 u.
536 1732 565 1756 c.
581 1723 654 1756 649.
690 1741 736 1746 —
771 1723 806 1764 2)
829 1723 873 1755 A.
897 1732 934 1756 u.
960 1732 989 1755 c.
1005 1723 1079 1756 649.
1115 1740 1160 1745 —
1197 1722 1230 1762 3)
1255 1720 1446 1763 Intellege.-
1467 1723 1623 1764 portam.
1653 1738 1699 1743 —
1734 1721 1768 1762 4)
1793 1719 1918 1752 Pedem

203 1789 317 1811 unum
342 1781 376 1811 et
400 1778 647 1822 quadrantem.
683 1798 728 1804 -
765 1779 800 1820 5)
829 1779 864 1812 in
890 1788 994 1822 super
1024 1777 1118 1821 lapis
1149 1777 1246 1821 (cum
1269 1781 1405 1820 puncto
1432 1779 1528 1810 inter
1552 1776 1623 1809 duo
1647 1774 1849 1820 vocabula).
1873 1794 1919 1800 —

205 1837 239 1877 6)
264 1834 410 1869 Scilicet
439 1846 547 1878 super
579 1837 662 1868 ostii
693 1834 811 1868 lumen
843 1834 932 1880 (not.
955 1836 992 1877 5¹,
1024 1834 1071 1874 cl'.
1101 1834 1280 1877 Wiegand
1301 1845 1337 1877 p.
1359 1832 1456 1878 752).
1505 1832 1588 1866 Non
1617 1836 1713 1865 recte
1742 1831 1777 1865 id
1804 1832 1920 1864 insiti-

206 1894 301 1925 cium
325 1891 412 1925 olim
428 1892 692 1925 iudicaverant.
710 1911 755 1917 —
779 1894 814 1934 7)
838 1892 943 1925 Pedis
959 1892 1181 1925 dodrantem.
1200 1910 1245 1915 —
1270 1891 1304 1932 8)
1330 1890 1553 1923 Mutulorum
1569 1889 1781 1922 vocabulum
1794 1888 1919 1931 paullo

205 1948 314 1982 aliter·
345 1949 403 1981 hic
426 1950 601 1982 usitatum
631 1951 738 1991 atque
762 1948 915 1991 adsolet,
948 1947 995 1988 cf:
1024 1947 1206 1990 Wiegand
1229 1947 1252 1981 I.
1270 1957 1298 1981 c.
1318 1958 1358 1990 p.
1382 1948 1459 1980 759.
1504 1945 1653 1986 (Mutuli
1675 1948 1922 1978 memorantur

207 2007 317 2039 etiam
339 2016 451 2048 supra
474 2003 520 2039 Ν.
537 2005 634 2046 4879,
657 2006 683 2039 5
713 2008 748 2038 et
775 2003 933 2045 sortasse
956 2005 1014 2038 III
1035 2004 1070 2039 S.
1093 2006 1180 2038 ⁶846
1202 2019 1247 2032 =
1273 2003 1411 2047 42445.)
1461 2004 1645 2035 Pertinent
1667 2003 1755 2035 haec
1778 2004 1851 2035 iam
1875 2002 1923 2035 ad

208 2065 339 2096 tectum
362 2062 494 2095 ianuae
518 2072 564 2094 ex
587 2065 743 2104 utraque
764 2064 871 2104 parte
894 2061 1159 2104 imponendum.
1183 2079 1229 2085 —
1265 2061 1299 2102 9)
1323 2060 1474 2093 Bessem.
1498 2079 1542 2083 —
1580 2061 1635 2102 10)
1661 2057 1714 2099 Cf:
1744 2058 1923 2101 Wiegana

205 2130 242 2162 p.
265 2118 328 2152 767
339 2129 410 2161 seq.
445 2137 491 2142 —
530 2119 584 2160 11)
615 2117 812 2152 Semissem.
846 2136 892 2142 ·—
930 2119 984 2160 12)
1017 2117 1177 2150 Litterae
1202 2117 1253 2150 nit
1277 2118 1531 2159 contignatae,
1560 2119 1711 2159 propter
1733 2117 1922 2159 angustias

209 2177 332 2219 spatii.
348 2195 394 2200 —
421 2177 476 2218 13)
497 2174 689 2209 Trientem.
705 2193 748 2200 -
770 2175 825 2217 14)
842 2174 1075 2207 Dodrantem.
1106 2175 1290 2217 Praecipit
1306 2173 1366 2207 lea·
1382 2173 1578 2206 trabiculas
1596 2174 1774 2206 asseribus
1790 2175 1923 2206 inasse-

208 2233 344 2266 randas
359 2243 433 2265 esse
448 2235 514 2275 ita,
536 2235 578 2264 ut
593 2242 639 2264 ne
650 2232 734 2275 plus
751 2231 963 2264 dodrantem
987 2231 1104 2264 altera
1126 2231 1170 2264 ab
1196 2231 1310 2264 altera
1337 2230 1453 2264 distet.
1471 2249 1516 2254 —
1543 2230 1598 2270 15)
1623 2229 1861 2263 semunciam.
1877 2249 1923 2254 —

212 2291 267 2332 16)
291 2290 556 2332 Portulamque.
590 2307 635 2312 —
675 2290 728 2331 17)
752 2288 861 2330 Idem,
883 2289 1020 2321 scilicet
1042 2288 1259 2331 redemptor.
1308 2287 1469 2321 Ceterum
1495 2290 1646 2331 apparet
1668 2288 1742 2319 iam
1766 2287 1815 2320 ad
1837 2287 1924 2320 alte-

209 2357 288 2380 ram
313 2347 431 2389 operis
451 2348 591 2390 partem
616 2347 827 2388 scriptorem
851 2345 941 2387 legis
964 2356 1001 2378 se
1025 2347 1240 2379 convertere.
1271 2363 1314 2368 —
1347 2346 1404 2385 18)
1427 2343 1505 2378 Ser.
1531 2343 1671 2387 pariete.
1702 2362 1747 2368 —
1786 2345 1840 2384 19)
1869 2341 1922 2383 Cf.

213 2403 298 2437 Cato
324 2403 367 2436 de
389 2414 421 2437 r.
438 2413 470 2437 r.
494 2403 548 2445 48,
563 2404 595 2437 7.
619 2421 665 2426 -
697 2403 756 2444 20)
779 2403 973 2445 Praecepta
993 2404 1181 2446 ponuntur
1204 2401 1246 2434 de
1266 2401 1470 2444 pam'etibus
1492 2400 1685 2433 struendis.
1707 2419 1754 2424 —
1785 2401 1842 2442 21)
1868 2398 1922 2439 Cf.

214 2460 397 2503 Wiegand
417 2471 453 2503 p.
469 2460 542 2494 744.
560 2479 602 2484 -
628 2460 686 2502 22)
713 2458 947 2492 Caementam.
985 2458 1039 2491 De
1062 2469 1102 2491 re
1127 2457 1175 2497 el'.
1200 2457 1330 2491 Nissen
1352 2467 1471 2500 pomp.
1490 2456 1591 2490 Stud.
1611 2457 1717 2499 p.58,
1746 2456 1926 2498 Wegand

210 2529 246 2561 p.
261 2517 335 2551 744.
358 2536 405 2541 -
434 2518 491 2559 23)
516 2516 648 2550 Pondo.
673 2535 718 2540 —
748 2516 805 2557 24)
829 2515 1082 2558 Angulariam.
1106 2534 1152 2540 —
1187 2517 1243 2557 25)
1270 2514 1413 2549 Triente
1437 2517 1472 2546 et
1495 2515 1689 2547 semuncia.
1711 2532 1757 2538 —-
1780 2514 1837 2554 26)
1861 2513 1924 2547 Vi-

212 2574 319 2607 detur
340 2573 567 2607 scribendum
601 2583 674 2605 esse
704 2571 944 2606 duoviralium.
971 2591 1016 2596 —
1049 2574 1106 2614 27)
1131 2571 1298 2605 Sestertis
1321 2572 1418 2605 mille
1442 2575 1476 2604 et
1499 2572 1714 2614 quingentis.
1763 2569 1924 2603 Ceterum

213 2633 292 2664 noti
315 2630 459 2664 credere
483 2630 662 2664 Blossium
687 2629 893 2662 ambitionis
916 2638 1026 2661 causa
1048 2629 1162 2662 multo
1186 2630 1338 2662 minoris
1361 2629 1428 2661 lwc
1451 2637 1540 2670 opus
1563 2627 1752 2660 redemisse
1776 2637 1883 2670 quam
1906 2638 1925 2659 e

214 2699 255 2720 re
277 2688 312 2720 ei
333 2690 422 2722 erat.
447 2706 490 2711 —
516 2687 573 2729 28)
599 2684 654 2726 Cr.
677 2685 806 2719 Festus
829 2695 883 2728 ep.
905 2695 941 2728 p.
965 2685 1027 2719 454
1051 2685 1152 2719 Mau.
1178 2687 1361 2727 (manceps
1385 2685 1520 2717 dicitur
1544 2684 1607 2726 qui
1631 2684 1720 2727 quid
1748 2695 1768 2717 a
1789 2683 1924 2728 populo

215 2746 301 2777 emit
330 2744 540 2778 conducitve
569 2762 613 2768 —
634 2761 681 2767 —
705 2744 768 2785 qui
792 2738 902 2774 ‘idem
930 2735 1053 2784 praes'
1084 2742 1229 2785 dicitur,
1263 2743 1348 2785 quia
1380 2745 1453 2774 tam
1486 2741 1584 2773 debet
1612 2744 1799 2783 praestare
1831 2741 1927 2784 quod

211 2802 384 2844 promisit
407 2811 514 2845 quam
538 2802 570 2833 is
594 2802 657 2843 qui
678 2809 747 2842 pro
771 2809 812 2832 eo
835 2808 942 2841 praes
964 2796 1085 2837 l'actus
1108 2798 1186 2843 est).
1227 2798 1306 2841 lpse
1330 2808 1470 2841 quoque
1492 2808 1658 2840 manceps
1679 2797 1824 2841 praedis
1849 2798 1926 2831 loco

214 2868 253 2889 se
277 2857 439 2900 obligare
459 2857 593 2891 solebat
616 2856 823 2901 (Momms.).
850 2874 894 2879 —
918 2855 974 2895 29)
1001 2855 1150 2888 Praedes
1174 2858 1356 2898 quattuor.
