2092 3360
481 178 595 215 Tituli
618 178 870 225 municipales.
888 199 932 205 —
957 179 1036 215 Lex
1052 179 1240 224 municipii
1257 178 1485 215 Malacitani.
1762 179 1845 218 523

137 294 329 348 municipi
360 295 444 336 eius
464 295 669 349 municipii
696 295 703 351 Ι
730 296 798 349 qui
819 295 935 345 volet,
965 295 1110 349 cuique
1131 308 1204 349 per
1232 295 1271 335 h.
1295 296 1321 336 l.
1351 291 1525 353 lice[b]it‚
1556 295 1658 337 actio
1679 294 1849 349 petitiofl

135 364 362 418 persecutio
391 370 487 406 esto.
516 363 522 416 Ι

195 457 244 496 Β.
295 456 358 496 De
397 456 753 496 locationibus
792 455 1094 509 legibusque
1132 454 1459 511 locatiolnum
1496 456 1850 510 proponendis

292 525 415 565 etin
448 524 646 565 tabulas
675 522 942 580 mu1nicipi
973 525 1278 565 referendis.
1305 522 1311 580 Ι

253 593 388 634 LXlll.
448 593 523 641 Qui
556 593 650 633 llvir
680 594 705 635 i.
737 594 772 634 d.
804 594 887 646 p.³'‚
932 593 1134 647 vectigalia
1170 594 1355 646 ultroque
1390 592 1556 640 tributa,
1598 591 1603 648 Ι
1645 593 1724 634 sive
1755 592 1848 645 quid

139 663 234 703 aliut
255 662 456 703 communi
487 662 650 701 nomine
682 659 939 715 municilpum
972 661 1070 702 eiius
1091 662 1281 714 municipi
1312 661 1433 702 locari
1454 662 1665 714 oportebit,
1695 659 1850 717 loicato.

140 732 324 783 Quasque
355 730 572 771 locationes
602 731 740 771 fecerit
770 743 945 783 quasque
972 727 979 783 Ι
1004 730 1111 783 leges
1140 730 1294 777 dixerit,
1326 730 1462 782 quanti
1494 730 1579 782 quit
1599 729 1770 770 locatum
1801 729 1851 769 sit

140 798 220 842 et⁸³
249 799 428 853 praeldes
459 798 610 851 accepti
641 798 720 839 sint
750 811 930 853 quaeque
960 798 1118 852 praedia
1150 797 1304 838 subdita
1337 796 1344 852 Ι
1376 798 1602 850 subsignata
1633 797 1850 850 obligatave

139 870 221 910 sint
250 869 396 922 quique
442 864 704 920 praeldiorum
744 866 970 918 cognitores
1008 867 1159 919 accepti
1195 866 1292 914 sint,
1338 867 1378 906 in
1413 862 1580 922 tabullas
1620 878 1852 906 communes

140 937 386 990 municipum
416 937 500 977 eius
522 939 607 985 (sic)
632 935 823 988 municipi
848 932 856 987 Ι
882 935 1109 975 referantur
1128 934 1245 974 facito
1277 941 1316 974 et
1343 935 1546 987 proposita
1574 935 1718 974 habeto
1739 946 1814 987 per
1840 935 1847 985 Ι

142 1018 261 1047 omne
291 1006 483 1058 reliquom
513 1011 669 1058 tempus
700 1004 864 1044 honoris
894 1003 974 1051 sui,
1014 1003 1066 1043 ita
1096 1010 1141 1042 ut
1166 1001 1172 1057 Ι
1204 1003 1241 1042 d.
1264 1017 1302 1056 p.
1334 1015 1366 1043 r.
1398 1003 1422 1043 l.
1453 1003 1519 1056 p.³‚
1552 1016 1632 1056 quo
1663 1003 1750 1044 loco
1782 1003 1850 1043 de-

139 1075 326 1116 curiones
357 1070 632 1128 conscriptiffve
662 1072 923 1125 proponenda
954 1083 1040 1111 esse
1071 1071 1314 1112 censuerint.
1344 1069 1349 1125 Ι

198 1166 246 1206 Β.
296 1165 358 1205 De
387 1164 704 1216 obligatione
734 1164 974 1216 praedum
1006 1162 1317 1215 praediorum
1346 1160 1352 1217 Ι
1380 1158 1849 1217 cognitorumque.1

255 1233 386 1274 LXIV.
446 1233 697 1284 Quicumque
735 1232 776 1272 in
816 1231 1035 1284 municipio
1075 1231 1207 1271 Flavio
1245 1230 1477 1270 Malacitano
1501 1229 1525 1285 Ι
1569 1232 1606 1271 in
1640 1243 1852 1271 commune

139 1302 386 1355 municipum
417 1302 516 1341 eiius
547 1301 738 1354 municipi
778 1299 785 1355 Ι
825 1301 991 1353 praedes
1022 1300 1113 1340 facti
1143 1307 1238 1340 sunt
1269 1307 1405 1347 erunt,
1443 1312 1624 1351 quaeque
1655 1299 1813 1352 praedia
1841 1296 1848 1353 Ι

139 1378 301 1425 accepta
321 1378 415 1412 sunt
434 1377 564 1418 erunt,
598 1371 746 1422 quique
767 1381 907 1410 eorum
938 1369 1205 1422 praeldiorum
1237 1368 1465 1420 cognitores
1485 1368 1576 1408 facti
1598 1375 1692 1408 sunt
1712 1374 1851 1407 erunt:

140 1441 166 1481 ii
199 1437 353 1496 omlnes
383 1446 424 1479 et
453 1451 553 1491 quae
575 1438 783 1490 cuiiusque
813 1450 950 1477 eorum
976 1444 1059 1477 tum
1072 1434 1103 1456 ³⁴
1133 1444 1264 1484 erunt,
1296 1448 1386 1476 cum
1413 1433 1419 1490 Ι
1445 1447 1585 1488 praees
1599 1439 1683 1484 (sic)
1715 1435 1852 1487 cogni-

139 1516 251 1550 torve
277 1510 405 1548 factus
425 1515 485 1548 est
506 1508 593 1555 erit,
625 1519 805 1559 quaeque
837 1504 991 1560 posltea
1012 1519 1110 1554 esse,
1144 1518 1233 1546 cum
1266 1506 1290 1545 ii
1323 1504 1483 1556 obligati
1514 1516 1600 1544 esse
1631 1504 1854 1556 coeperiint

140 1579 196 1629 cel
204 1577 336 1631 perint
346 1574 388 1625 ³⁵,
419 1577 486 1628 qui
507 1588 646 1616 eorum
667 1575 786 1615 soluti
807 1574 1040 1627 liberatique
1073 1586 1155 1613 non
1177 1580 1270 1613 sunt
1296 1573 1302 1626 Ι
1330 1586 1411 1613 non
1434 1579 1555 1612 erunt
1575 1578 1642 1612 aut
1662 1585 1746 1611 non
1766 1572 1852 1612 sine

140 1648 179 1688 d.
199 1659 253 1687 m.
283 1653 378 1687 sunt
397 1652 529 1694 erunt,
560 1646 700 1696 ealque
730 1644 881 1692 omnia,
913 1656 1094 1695 quaeque
1106 1640 1136 1662 ³⁶
1166 1655 1303 1683 eorum
1334 1642 1460 1683 soluta
1491 1638 1748 1695 liberatalque
1770 1653 1850 1680 non

141 1721 236 1757 sunt
265 1727 347 1755 non
379 1721 497 1754 erunt
526 1720 594 1753 aut
613 1725 695 1753 non
716 1713 803 1752 sine
830 1709 835 1766 Ι
862 1712 899 1752 d.
921 1725 972 1751 m.
994 1719 1090 1752 sunt
1110 1719 1240 1758 erunt,
1270 1711 1311 1751 in
1334 1722 1546 1750 commune
1567 1709 1813 1761 municipum
1843 1706 1850 1762 Ι

142 1785 242 1825 eiius
271 1782 476 1835 municipii
515 1782 608 1822 item
648 1781 810 1835 obligati
851 1780 1134 1833 oblissgataeque
1159 1785 1246 1828 (sic)
1286 1787 1419 1826 sunto,
1465 1778 1521 1818 uti
1562 1779 1588 1817 ii
1627 1790 1742 1817 eaeve
1767 1782 1852 1825 (sic)

140 1866 181 1906 p.
212 1849 293 1892 R.³⁷
323 1850 483 1903 obligati
513 1847 742 1905 oblilgatave
773 1859 919 1898 essent,
950 1851 982 1891 si
1013 1856 1108 1902 aput
1138 1861 1219 1897 eos,
1251 1848 1319 1900 qui
1344 1848 1493 1888 Romae
1524 1843 1688 1901 aeralrio
1718 1857 1854 1898 praes-

141 1927 243 1970 sent‚
274 1920 299 1960 ii
331 1919 495 1972 praedes
524 1914 663 1974 i[t']que
674 1915 706 1937 ³⁸
735 1916 975 1974 cognitolres
998 1918 1087 1957 facti
1109 1929 1234 1969 eaque
1255 1915 1414 1968 praedia
1434 1915 1588 1956 subdita
1610 1913 1854 1966 subsignalta

141 1989 358 2041 obligatave
389 1994 536 2027 essent.
596 1985 755 2038 Eosque
785 1986 950 2039 praedes
981 1999 1106 2039 eaque
1137 1983 1144 2038 Ι
1181 1984 1340 2037 praedia
1370 1995 1518 2035 eosque
1550 1983 1790 2035 cognitores,
1820 1983 1853 2022 si

143 2058 229 2111 quit
258 2067 415 2104 eorum,
446 2055 486 2094 in
522 2053 529 2107 Ι
563 2065 664 2105 quae
695 2055 922 2106 cognitores
951 2054 1043 2094 facti
1074 2061 1209 2102 erunt,
1241 2054 1292 2092 ita
1326 2065 1406 2092 non
1438 2051 1530 2099 erit,
1567 2048 1572 2103 Ι
1607 2050 1675 2104 qui
1705 2062 1854 2102 quaeve

142 2125 261 2167 soluti
291 2123 444 2165 liberati
475 2122 601 2162 soluta
632 2120 888 2177 liberaltaque
919 2135 1001 2162 non
1023 2129 1120 2162 sunt
1149 2134 1231 2161 non
1253 2128 1374 2160 erunt
1402 2128 1470 2159 aut
1491 2132 1572 2159 non
1594 2119 1682 2159 sine
1708 2118 1715 2168 Ι
1741 2119 1778 2159 d.
1800 2131 1853 2158 m.

143 2201 238 2235 sunt
267 2198 396 2238 erunt,
427 2191 571 2239 liviris‚
602 2191 671 2242 qui
700 2190 754 2230 ibi
785 2191 810 2230 i.
832 2191 869 2230 d.
901 2192 1114 2243 praestant,
1145 2188 1339 2230 ambobus
1369 2185 1617 2228 alteriusve³⁹
1647 2199 1786 2228 eorum
1806 2200 1853 2227 ex

143 2262 415 2316 deicurionum
448 2260 849 2311 conscriptorumque
869 2258 1042 2307 decreto,
1073 2257 1188 2314 qulod
1216 2257 1420 2297 decretum
1451 2269 1542 2296 cum
1564 2269 1702 2296 eorum
1722 2264 1855 2309 partes

141 2330 280 2370 tertiae
306 2327 312 2382 Ι
340 2341 420 2368 non
452 2328 586 2368 minus
616 2340 732 2380 quam
763 2327 863 2366 duae
894 2327 1076 2367 adessent
1106 2327 1249 2366 factum
1277 2325 1283 2381 Ι
1319 2326 1405 2373 erit,
1445 2325 1616 2367 vendere
1647 2325 1854 2377 legemque

142 2397 204 2437 his
231 2396 454 2437 vendundis
483 2395 614 2436 dicere
641 2393 646 2450 Ι
673 2396 733 2436 ius
763 2402 1015 2448 potestasque
1036 2403 1143 2444 est03
1174 2395 1267 2435 dum
1299 2406 1342 2434 ea
1366 2391 1492 2443 (sic)⁴⁰
1521 2393 1649 2445 legem
1670 2393 1702 2432 is
1722 2392 1854 2446 refibus

143 2465 365 2506 vendundis
394 2465 539 2513 dicant,
571 2476 689 2516 quam
718 2464 844 2515 legem
866 2476 946 2511 eos,
974 2460 980 2516 Ι
1006 2463 1075 2515 qui
1094 2463 1242 2503 Romae
1274 2462 1425 2502 aerario
1457 2466 1685 2514 praeerunt,
1716 2473 1738 2499 e
1767 2459 1854 2511 lege

144 2530 415 2587 praeldiatoria
446 2531 659 2585 praedibus
689 2531 923 2584 praedisque
945 2530 1176 2580 vendunldis
1206 2530 1337 2570 dicere
1359 2536 1575 2582 oporteret,
1605 2536 1683 2574 aut,
1714 2527 1747 2567 si
1768 2528 1854 2579 lege

145 2602 419 2655 praedialtoria
450 2607 669 2653 emptorem
702 2612 785 2640 non
815 2599 1001 2647 inveniet,
1038 2611 1154 2651 quam
1186 2595 1328 2653 lelgem
1366 2599 1406 2637 in
1439 2609 1601 2637 vacuom
1639 2596 1855 2636 vendendis

147 2670 278 2711 dicere
308 2667 548 2725 epm-{terem
579 2676 617 2709 et
638 2669 731 2708 dum
762 2669 813 2708 ita
844 2669 978 2720 legem.
1001 2668 1145 2714 dicant,
1177 2668 1233 2706 uti
1264 2667 1488 2719 pecuiniam
1519 2665 1684 2705 infore⁴¹
1719 2665 1854 2705 muni-

148 2739 225 2792 cipi
255 2738 361 2778 Flavi
392 2738 610 2779 malacitani
649 2735 655 2793 Ι
696 2738 892 2777 reseratur
921 2736 1051 2777 luatur
1081 2737 1264 2776 solvatur.
1325 2734 1516 2786 Quaeque
1549 2734 1611 2774 lex
1637 2732 1644 2788 Ι
1669 2733 1723 2774 ita
1752 2733 1854 2774 dicta

150 2803 305 2862 [e]rit⁴²‚
336 2807 435 2847 iusta
467 2813 628 2859 rataque
659 2813 757 2846 esto.
785 2802 791 2860 Ι

247 2943 304 2984 32)
329 2942 412 2975 Iure
429 2941 583 2974 dicundo
596 2943 768 2983 praeerit.
780 2959 825 2964 -—-
850 2941 905 2981 33)
931 2939 1051 2972 Insere
1066 2939 1136 2983 qui.
1153 2958 1198 2963 —
1222 2939 1277 2980 34)
1303 2938 1422 2970 Insere
1439 2937 1575 2970 suerunt
1593 2935 1797 2980 (Momm).
1810 2955 1857 2962 -

150 2999 207 3039 35)
231 2998 308 3033 Ser.
333 3003 519 3043 coeperunt
543 2997 730 3041 coeperint.
759 3015 805 3021 -
835 2997 892 3038 36)
916 2996 1003 3029 Delo
1027 3005 1105 3040 que.
1135 3014 1178 3020 -
1208 2996 1265 3037 37)
1289 2994 1424 3037 Populo
1450 2992 1620 3027 Romano.
1643 3012 1688 3017 —
1719 2993 1776 3034 38)
1802 2994 1854 3027 in-

150 3065 218 3099 que
241 3066 311 3089 aee.
334 3074 379 3081 —
410 3057 467 3096 39)
493 3054 571 3090 Ser.
595 3054 750 3087 alterive.
772 3073 814 3078 —
846 3054 903 3095 40)
928 3052 1030 3086 Eam.
1059 3071 1103 3076 —
1133 3053 1190 3094 41)
1215 3051 1277 3085 Sto
1301 3063 1369 3085 aee.
1417 3048 1627 3094 Reque-itur
1651 3050 1793 3094 pecunia
1818 3050 1853 3084 in

150 3111 322 3155 publicum
346 3110 554 3156 municipum
579 3111 635 3143 vel
657 3111 800 3155 pecunia
826 3108 904 3143 inde
931 3109 1066 3142 redacta
1092 3109 1126 3142 in
1151 3119 1341 3143 commune.
1367 3127 1412 3133 --
1447 3109 1505 3150 42)
1529 3108 1667 3142 dictarit
1691 3119 1761 3142 aee.
