2092 3360
0 0 122 296 ἵ
479 138 594 178 Tituli
615 139 712 178 ucri
732 141 770 177 et
792 139 1036 178 sacerdotum.
1052 160 1097 168 -
1121 140 1237 178 Sacra.
1259 140 1469 180 Mithriaca.
1747 140 1829 180 163

16 234 21 242 Κ
114 255 151 298 2)
174 253 242 288 Hie
264 257 317 288 ese
342 254 468 289 Victor
491 256 556 299 qui
579 257 802 288 memoratur
825 253 871 290 N.
884 255 973 289 4269
991 266 1020 288 υ.
1034 255 1064 296 1,
1095 265 1185 289 avus
1213 254 1368 289 Tameeii
1388 255 1569 299 Augentii
1594 254 1761 301 Olympii.
1785 275 1831 281 —

0 298 13 449 ἕ

0 489 3 515 ν

0 574 6 620 1⁵

0 557 10 574 ἢ

0 626 18 851 ἱ

114 312 150 354 3)
176 311 246 347 Vir
262 311 494 346 clar-inimus.
509 330 556 338 —
579 312 615 354 4)
638 311 746 345 Pater
766 314 926 355 patrum.
942 330 988 337 —
1012 313 1046 354 5)
1071 311 1126 345 De
1140 312 1326 356 Augentio
1351 311 1399 353 cf.
1424 311 1474 346 ad
1486 310 1532 347 Ν.
1545 313 1637 348 4268
1651 315 1725 347 not.
1736 313 1831 348 2.-

114 369 150 411 ⁶)
174 368 282 403 Pater
305 366 371 414 (cf.
397 368 442 403 Ν.
459 369 551 404 4227
568 367 662 413 eet.).
686 387 733 393 -
765 370 800 411 7)
825 368 920 403 Haec
944 368 1094 402 traditio
1119 367 1383 414 Leonticorum,
1408 370 1643 411 Persicorum,
1670 369 1832 404 Heliae-o-

113 436 209 468 ηπ,
235 427 463 469 patrie-orum
487 426 578 470 quid
597 424 723 467 fuerit,
747 426 959 468 ignoramus
981 426 1044 459 sed
1068 426 1237 460 videntur
1255 428 1475 470 pertinuisse
1498 426 1550 461 ad
1563 426 1723 461 diversos
1741 436 1831 470 gra-

114 483 183 517 dm
206 484 428 517 initiationis
451 481 679 524 Mithriaeae,
703 493 792 526 quos
815 492 964 516 numero
988 485 1120 526 septem
1143 487 1331 517 enumerat
1348 484 1586 529 Hieronymus
1608 483 1832 518 memorabili

114 540 183 574 hoe
205 539 285 574 loeo
308 550 361 583 ep.
379 539 441 574 107
465 539 514 573 ad
537 538 685 573 Laetam
709 538 748 580 (Ι
764 549 800 582 p.
815 539 920 583 67215
936 539 989 573 ed.
1008 539 1205 585 Vallars.):
1239 540 1435 583 Gracchus,
1459 551 1540 574 cum
1562 538 1831 585 praefecturam

114 599 257 641 regeret
278 598 454 631 urbanam
478 621 488 632 .
512 621 522 631 .
545 606 688 640 specum
712 595 867 629 Mithrae
892 599 927 629 et
951 598 1070 631 onmia
1092 599 1301 641 portentosa
1325 598 1524 631 eimulaera
1554 598 1683 640 quibus
1706 607 1831 640 corate,

111 655 289 700 gryphus,
306 653 416 694 miles,
434 653 500 695 leo,
517 654 651 695 Perses,
670 653 932 694 Heliodromue,
953 656 1062 697 pater
1077 655 1285 696 initiantur,
1309 655 1494 696 subvertit,
1511 652 1638 698 fregit,
1661 655 1831 689 excussit.

117 709 172 753 Gt:
198 710 350 746 eumont
371 708 544 755 mystdres
561 710 604 743 de
620 709 756 743 Mithra
780 710 801 743 Ι
818 721 853 754 p.
870 710 939 745 545
950 721 1021 754 seq.
1045 710 1086 744 ΙΙ
1103 721 1137 755 p.
1151 711 1205 746 18.
1228 705 1391 745 ‘Gradus
1406 705 1587 744 Persicus'
1611 714 1833 745 memoratur

115 769 225 802 etiam
248 766 294 804 N.
315 768 412 802 4266.
454 765 509 807 Cf.
536 766 687 801 eumont
709 770 814 811 myst.
841 767 884 800 de
907 766 1044 800 Mithra
1069 767 1091 801 Ι
1104 778 1144 811 p.
1167 768 1237 803 315
1248 778 1317 810 seq.
1347 786 1394 793 -
1426 768 1461 811 8)
1486 767 1697 802 Consulibus
1719 778 1831 812 supra

113 827 272 870 seriptis.
288 843 333 850 -·
357 826 391 867 9)
416 825 458 858 A.
475 825 557 859 558.
573 843 620 849 —
647 824 702 866 10)
726 823 882 857 Videtur
903 824 1130 858 scribendum
1154 835 1228 858 esse
1251 823 1331 860 Mai.
1348 843 1393 850 —
1422 827 1474 867 11)
1501 824 1656 859 Videtur
1670 825 1833 869 intellegi

114 883 234 916 neseio
258 881 349 926 quid
370 881 582 924 absconditi,
612 881 710 924 quod
731 881 888 914 initiatis
907 881 1068 925 primum
1092 881 1355 924 ostendebatur,
1385 881 1514 915 deinde
1537 882 1761 917 tradebatur.
1785 900 1832 907 -·

118 941 174 983 ¹2)
196 940 243 974 A.
267 940 349 974 559.
373 958 419 964 —
446 939 500 980 13)
524 938 570 973 A.
592 939 673 974 562.

230 1017 348 1065 4268
405 1019 470 1059 dd.
508 1031 579 1059 nn.
621 1019 782 1059 Valente
811 1018 842 1058 V
881 1025 922 1059 et
958 1017 1233 1059 Valentiniano
1271 1020 1430 1060 iuniore
1470 1019 1644 1072 primum
1673 1020 1830 1073 Augg.¹,

117 1089 166 1129 vl
187 1088 276 1129 idus
291 1087 427 1141 April„
458 1086 619 1128 tradidit
638 1086 927 1127 hierocoracica
948 1087 1043 1127 Aur.
1061 1086 1196 1128 Victor
1215 1088 1435 1140 Augentius
1454 1101 1490 1128 ν.
1512 1100 1560 1137 c.‚
1591 1100 1629 1141 p.
1652 1088 1721 1141 p.²‚
1747 1088 1830 1128 filio

116 1170 189 1199 suo
212 1156 407 1197 Emiliano
424 1155 600 1196 Corsoni.
620 1155 804 1208 Olympio
826 1167 861 1195 c.
882 1167 923 1208 p.
944 1167 1051 1195 anno
1072 1155 1302 1196 tricensimo
1323 1157 1567 1209 acceptionis
1587 1168 1694 1204 suae,
1726 1156 1830 1197 felic.

228 1222 371 1265 Romae,
388 1224 428 1256 in
445 1222 482 1256 S.
496 1221 662 1256 Silvestri
686 1221 736 1262 (V
738 1221 757 1254 1
769 1220 852 1256 751³
868 1221 976 1255 semel
991 1222 1169 1266 descripta
1185 1233 1277 1258 saec.
1289 1223 1384 1267 XV).
1409 1243 1455 1249 —
1479 1224 1511 1266 1)
1535 1223 1724 1267 Intellege.-
1747 1233 1831 1256 con-

113 1281 263 1322 sulibus,
286 1282 310 1314 i.
330 1291 359 1314 e.
383 1290 416 1314 a.
436 1279 518 1315 376.
541 1297 588 1304 —-
613 1279 646 1321 2)
670 1277 767 1311 Idem
791 1280 854 1322 qui
877 1289 988 1322 supra
1012 1278 1057 1315 N.
1074 1280 1177 1314 4267·
1189 1291 1259 1324 seq.
1283 1283 1505 1314 memoratur
1527 1291 1602 1314 una
1628 1291 1708 1314 cum
1727 1282 1832 1324 patre

115 1336 238 1372 Nonio
254 1336 399 1371 Victore
418 1336 596 1380 Olympio,
620 1337 695 1369 iam
710 1337 796 1379 ipse,
817 1339 901 1379 post
923 1338 1073 1370 mortem
1096 1338 1204 1371 huius
1227 1339 1270 1371 ut
1292 1337 1447 1379 videtur,
1465 1331 1589 1380 ‘pater
1610 1331 1784 1381 patrum'.

226 1415 343 1463 4269

258 1486 291 1526 Τ
320 1486 372 1526 Τι
875 1485 1047 1540 Olympii
1609 1486 1640 1526 A
1671 1486 1724 1527 Αι

258 1566 281 1594 a
325 1567 346 1594 a
396 1553 500 1595 Olim
533 1554 666 1595 Victor
695 1554 823 1604 avus¹‚
855 1555 964 1595 caelo
994 1555 1157 1596 devotus
1187 1559 1227 1595 et
1256 1554 1383 1604 astris,
1609 1567 1634 1595 u
1671 1567 1698 1595 u

259 1635 298 1663 m
330 1635 367 1663 m
398 1622 521 1675 regali
551 1628 713 1676 sumptu
745 1622 968 1663 Phoebeia²
1004 1623 1151 1676 templa
1181 1623 1335 1664 locavit.
1378 1624 1382 1628 ’
1611 1635 1636 1675 g
1673 1635 1698 1676 g

259 1691 282 1732 e
326 1703 347 1731 e
401 1691 519 1732 Hunc
540 1696 700 1744 superat
719 1691 866 1744 pietate
887 1704 1026 1744 nepos,
1052 1691 1116 1732 cui
1138 1703 1286 1731 nomen
1308 1691 1452 1731 avitum
1475 1691 1579 1731 estz’
1613 1703 1635 1731 e
1673 1703 1695 1731 e

259 1771 278 1799 s
327 1773 346 1800 s
399 1765 512 1799 antra
534 1759 638 1808 facit,
669 1765 930 1812 sumptusque
951 1766 1042 1801 tuos
1063 1772 1150 1809 nec,
1181 1759 1318 1809 Roma,
1349 1759 1544 1812 requirit.⁴
1612 1772 1638 1799 n
1671 1772 1696 1798 n

259 1826 271 1866 i
330 1826 343 1866 i
401 1827 551 1867 Damna
581 1827 658 1880 piis
687 1828 850 1869 meliora
880 1828 1012 1868 lucro:
1045 1828 1135 1880 quis
1165 1828 1283 1867 ditior
1312 1827 1378 1867 illo
1410 1833 1481 1876 est,
1614 1833 1629 1866 t
1679 1832 1695 1866 t

260 1894 272 1933 i
330 1893 343 1934 i
402 1895 471 1947 qui
500 1907 592 1936 cum
624 1895 820 1937 caelicolis
850 1908 994 1949 parcus
1023 1895 1130 1935 bona
1160 1895 1294 1935 dividit
1322 1893 1466 1935 heres?
1614 1893 1626 1933 i
1675 1893 1688 1933 i

1620 1974 1632 2001 1
1677 1974 1690 2002 ι

232 2028 365 2063 Romae
380 2039 454 2072 rep.
471 2040 503 2062 a.
518 2029 602 2063 1867
619 2029 737 2062 eodem
753 2027 832 2069 sere
847 2030 923 2063 loeo
941 2039 1011 2072 quo
1027 2028 1071 2063 Ν.
1085 2030 1187 2063 4267·
1195 2040 1265 2072 seq.
1282 2029 1393 2062 multo
1411 2030 1517 2061 antea
1532 2028 1760 2072 prodierunt,
1783 2028 1833 2062 ad

118 2086 236 2119 vicum
253 2085 289 2119 S.
304 2084 470 2119 silvestri
487 2085 563 2126 (VI
575 2086 639 2119 754
663 2086 758 2119 vidit
774 2084 946 2131 Henzen).
962 2104 1009 2111 —
1035 2086 1066 2128 1)
1094 2085 1163 2128 Qui
1187 2085 1332 2119 titulum
1353 2086 1486 2128 posuit,
1515 2083 1695 2118 Tamesim
1713 2084 1831 2130 Olym·

113 2143 200 2186 pius
216 2142 432 2184 Augentiue‚
457 2152 566 2185 nepos
589 2141 664 2182 s'uit
683 2143 854 2186 Vre-coris,
876 2143 1013 2176 scilicet
1035 2141 1149 2176 Nonii
1172 2142 1329 2177 Victoris
1348 2141 1515 2186 Olympii,
1540 2152 1563 2174 a
1588 2151 1658 2184 quo
1682 2142 1833 2174 veniunt

7 2196 13 2242 ξ
37 2220 53 2234 J
117 2198 218 2232 tituli
235 2198 280 2232 N.
293 2200 395 2233 4267·
408 2210 478 2242 seq.
495 2218 541 2223 —
565 2201 599 2242 2)
621 2200 792 2233 Phoebeia
811 2198 954 2242 templa,
978 2209 1025 2234 sc.
1043 2199 1101 2232 dei
1117 2199 1212 2233 Solis
1227 2198 1393 2232 Mithrae.
1409 2217 1455 2222 —
1478 2199 1512 2240 3)
1531 2197 1687 2242 Olympii
1702 2208 1831 2231 nomen

118 2265 185 2289 avo
211 2258 247 2288 et
269 2257 393 2299 nepoti
417 2266 600 2289 commune
626 2255 714 2299 (nisi
727 2253 826 2296 forte
842 2256 949 2288 eliam
974 2256 1059 2289 huie
1075 2255 1235 2290 Victoris
1259 2266 1385 2289 nomen
1401 2253 1562 2300 fuit).—
1585 2256 1619 2298 4)
1646 2255 1831 2288 Henzenus

119 2310 224 2358 (buu.
250 2312 337 2346 Just.
362 2314 462 2346 arch.
487 2313 574 2347 1868
594 2322 630 2355 p.
647 2313 707 2354 96)
732 2313 884 2345 coniecit
908 2312 1051 2345 tilulum
1074 2314 1246 2356 scriptum
1271 2323 1344 2346 esse
1363 2313 1487 2356 paullo
1507 2314 1589 2356 post
1613 2321 1720 2355 quam
1741 2310 1831 2344 Gra-

120 2370 242 2402 tianus
277 2369 521 2402 sacerdotibus
557 2371 592 2401 et
621 2369 824 2411 virginibus
855 2367 1059 2403 Vestalibus
1090 2369 1236 2412 publiea
1272 2369 1508 2402 emolumenta
1544 2369 1725 2412 deiram-iq
1761 2368 1831 2401 huc

117 2429 278 2470 spectare
302 2426 398 2469 quod
420 2426 510 2459 dicit
537 2425 732 2470 Olympius.
756 2436 793 2458 se
815 2427 977 2468 sumptus
1000 2424 1132 2458 Romae
1155 2436 1228 2458 non
1251 2427 1447 2468 requirere.

233 2515 349 2562 4270
396 2518 434 2557 d.
455 2530 508 2557 m.
536 2515 542 2573 Ι
571 2517 614 2557 L.
637 2516 851 2569 Septimius
872 2516 1136 2568 Auggg.¹·lib.
1162 2516 1377 2557 Archelaus
1402 2517 1408 2571 Ι
1436 2522 1546 2569 pater
1577 2522 1615 2556 et
1646 2515 1830 2557 sacerdos

119 2586 254 2627 invicti
281 2585 290 2638 Ι
316 2585 479 2626 Mithrae
510 2585 651 2626 domus
672 2587 934 2636 Augustanae‚
961 2581 968 2639 Ι
996 2584 1088 2624 fecit
1115 2583 1190 2624 sibi
1222 2591 1260 2625 et
1290 2584 1427 2625 Cosiae
1450 2584 1672 2625 Primitivae
1697 2583 1704 2638 Ι
1732 2596 1829 2625 con-

44 2640 48 2657 ⁵
121 2654 203 2707 iugi
233 2653 520 2702 benemerenti‚
551 2653 703 2693 libertis
733 2650 1040 2706 libertalbusque
1070 2652 1281 2704 posterisq.
1314 2664 1466 2692 eorum.

234 2718 365 2753 Romae
388 2719 459 2765 (VI
479 2720 567 2754 2271
603 2720 693 2753 vidit
720 2718 889 2762 Henzen).
926 2737 970 2743 —
1010 2719 1040 2760 1)
1068 2717 1190 2752 Trium
1213 2718 1460 2762 Augustorum
1492 2718 1674 2762 (Septimii
1695 2718 1831 2760 Severi,

121 2775 342 2817 caracallae,
367 2775 501 2821 Getae).

12 2935 14 2937 ’
80 2947 83 2949 >
121 2921 398 2982 astrologia[e],
425 2924 432 2980 Ι
458 2925 532 2966 sibi
563 2931 603 2966 et
627 2926 634 2978 Ι
661 2925 841 2966 Severiae
862 2925 944 2976 Api·
961 2953 970 2964 .
989 2953 998 2963 .
1016 2954 1025 2964 .
1052 2922 1059 2979 Ι
1087 2923 1213 2964 uxori.
1242 2921 1249 2978 Ι
1276 2923 1322 2964 H.
1344 2935 1395 2963 m.
1417 2924 1455 2964 h.
1478 2937 1517 2964 n.
1539 2919 1602 2980 [s.]

235 2992 432 3027 Mediolani
454 2994 471 3034 (
474 2992 513 3027 V
526 2993 619 3027 5895
643 2991 735 3026 vidit
756 2990 977 3035 Mommsen).

1492 3102 1554 3139 ll*
