<?xml version="1.0" encoding="UTF-8"?>
<!DOCTYPE html PUBLIC "-//W3C//DTD XHTML 1.0 Transitional//EN"
    "http://www.w3.org/TR/xhtml1/DTD/xhtml1-transitional.dtd">
<html xmlns="http://www.w3.org/1999/xhtml" xml:lang="en" lang="en">
 <head>
  <title>
</title>
<meta http-equiv="Content-Type" content="text/html;charset=utf-8" />
  <meta name='ocr-system' content='tesseract 3.04.00' />
  <meta name='ocr-capabilities' content='ocr_page ocr_carea ocr_par ocr_line ocrx_word'/>
</head>
<body>
  <div class='ocr_page' id='page_1' title='image "./inscriptioneslat21dessuoft_0296.png"; bbox 0 0 2092 3360; ppageno 0'>
   <div class='ocr_carea' id='block_1_1' title="bbox 228 141 1180 188">
    <p class='ocr_par' dir='ltr' id='par_1_1' title="bbox 228 141 1180 188">
     <span class='ocr_line' id='line_1_1' title="bbox 228 141 1180 188; baseline -0.007 -4"><span class='ocrx_word' id='word_1_1' title='bbox 228 145 311 184; x_wconf 81' lang='lat'><em>286</em></span> <span class='ocrx_word' id='word_1_2' title='bbox 974 142 1094 188; x_wconf 81' lang='lat' dir='ltr'><em>caput</em></span> <span class='ocrx_word' id='word_1_3' title='bbox 1116 141 1180 178; x_wconf 90' lang='lat' dir='ltr'><em>XI.</em></span> 
     </span>
    </p>
   </div>
   <div class='ocr_carea' id='block_1_2' title="bbox 214 255 1943 3081">
    <p class='ocr_par' dir='ltr' id='par_1_2' title="bbox 214 255 1943 3081">
     <span class='ocr_line' id='line_1_2' title="bbox 225 255 1940 303; baseline -0.001 -9"><span class='ocrx_word' id='word_1_4' title='bbox 225 260 407 301; x_wconf 81' lang='lat' dir='ltr'><em>ficabatur</em></span> <span class='ocrx_word' id='word_1_5' title='bbox 423 257 593 301; x_wconf 80' lang='lat' dir='ltr'><em>Ilithyiis,</em></span> <span class='ocrx_word' id='word_1_6' title='bbox 619 257 661 289; x_wconf 90' lang='lat' dir='ltr'><em>de</em></span> <span class='ocrx_word' id='word_1_7' title='bbox 678 267 749 299; x_wconf 87' lang='lat' dir='ltr'><em>qua</em></span> <span class='ocrx_word' id='word_1_8' title='bbox 765 267 804 288; x_wconf 92' lang='lat' dir='ltr'><em>re</em></span> <span class='ocrx_word' id='word_1_9' title='bbox 822 258 873 288; x_wconf 86' lang='lat' dir='ltr'><em>ita</em></span> <span class='ocrx_word' id='word_1_10' title='bbox 891 259 1036 289; x_wconf 88' lang='lat' dir='ltr'><em>cautum</em></span> <span class='ocrx_word' id='word_1_11' title='bbox 1054 258 1134 288; x_wconf 84' lang='lat' dir='ltr'><em>erat</em></span> <span class='ocrx_word' id='word_1_12' title='bbox 1149 257 1190 289; x_wconf 92' lang='lat' dir='ltr'><em>in</em></span> <span class='ocrx_word' id='word_1_13' title='bbox 1207 256 1355 289; x_wconf 87' lang='lat' dir='ltr'><em>oraculo</em></span> <span class='ocrx_word' id='word_1_14' title='bbox 1374 255 1534 299; x_wconf 79' lang='lat' dir='ltr'><strong><em>Sibyllae</em></strong></span> <span class='ocrx_word' id='word_1_15' title='bbox 1552 255 1600 300; x_wconf 89' lang='lat' dir='ltr'><em>(v.</em></span> <span class='ocrx_word' id='word_1_16' title='bbox 1616 258 1650 299; x_wconf 90' lang='lat'><em>9,</em></span> <span class='ocrx_word' id='word_1_17' title='bbox 1667 256 1715 297; x_wconf 79' lang='lat' dir='ltr'><em>cl&#39;.</em></span> <span class='ocrx_word' id='word_1_18' title='bbox 1732 259 1810 301; x_wconf 79' lang='lat' dir='ltr'><em>eph..</em></span> <span class='ocrx_word' id='word_1_19' title='bbox 1822 269 1860 303; x_wconf 90' lang='lat' dir='ltr'><em>p.</em></span> <span class='ocrx_word' id='word_1_20' title='bbox 1871 258 1940 294; x_wconf 77' lang='lat'><em>235</em></span> 
     </span>
     <span class='ocr_line' id='line_1_3' title="bbox 225 307 1939 360; baseline 0.001 -9"><span class='ocrx_word' id='word_1_21' title='bbox 225 320 298 351; x_wconf 88' lang='lat' dir='ltr'><em>not.</em></span> <span class='ocrx_word' id='word_1_22' title='bbox 315 316 372 360; x_wconf 88' lang='grc'><em>4).·</em></span> <span class='ocrx_word' id='word_1_23' title='bbox 401 312 464 351; x_wconf 80' lang='grc' dir='ltr'><em>ἐπὶ</em></span> <span class='ocrx_word' id='word_1_24' title='bbox 489 318 590 349; x_wconf 84' lang='grc' dir='ltr'><em>ταῖσι</em></span> <span class='ocrx_word' id='word_1_25' title='bbox 615 307 650 348; x_wconf 72' lang='grc' dir='ltr'><em>δ’</em></span> <span class='ocrx_word' id='word_1_26' title='bbox 675 308 882 355; x_wconf 77' lang='grc' dir='ltr'><strong><em>Ἐλειθυίας</em></strong></span> <span class='ocrx_word' id='word_1_27' title='bbox 906 307 1122 359; x_wconf 72' lang='grc' dir='ltr'><strong><em>ἀρέσασθαι</em></strong></span> <span class='ocrx_word' id='word_1_28' title='bbox 1147 308 1405 354; x_wconf 77' lang='grc' dir='ltr'><strong><em>παιδοτόκους</em></strong></span> <span class='ocrx_word' id='word_1_29' title='bbox 1428 310 1616 355; x_wconf 73' lang='grc' dir='ltr'><strong><em>θυέεσσιν,</em></strong></span> <span class='ocrx_word' id='word_1_30' title='bbox 1650 325 1727 359; x_wconf 79' lang='grc' dir='ltr'><em>οπῃ</em></span> <span class='ocrx_word' id='word_1_31' title='bbox 1750 313 1871 359; x_wconf 77' lang='grc' dir='ltr'><strong><em>θέμις.</em></strong></span> <span class='ocrx_word' id='word_1_32' title='bbox 1893 334 1939 341; x_wconf 88' lang='grc'><strong>-</strong></span> 
     </span>
     <span class='ocr_line' id='line_1_4' title="bbox 226 368 1942 416; baseline -0.001 -8"><span class='ocrx_word' id='word_1_33' title='bbox 226 375 283 416; x_wconf 86' lang='grc'><em>27)</em></span> <span class='ocrx_word' id='word_1_34' title='bbox 306 373 495 406; x_wconf 88' lang='lat' dir='ltr'><em>Placentae</em></span> <span class='ocrx_word' id='word_1_35' title='bbox 518 370 655 402; x_wconf 88' lang='lat' dir='ltr'><em>diversi</em></span> <span class='ocrx_word' id='word_1_36' title='bbox 675 371 819 411; x_wconf 85' lang='lat' dir='ltr'><em>generis</em></span> <span class='ocrx_word' id='word_1_37' title='bbox 844 368 909 412; x_wconf 67' lang='lat' dir='ltr'><em>(cll</em></span> <span class='ocrx_word' id='word_1_38' title='bbox 935 369 1129 402; x_wconf 76' lang='lat' dir='ltr'><strong><em>Mommsen</em></strong></span> <span class='ocrx_word' id='word_1_39' title='bbox 1150 380 1187 413; x_wconf 89' lang='lat' dir='ltr'><em>p.</em></span> <span class='ocrx_word' id='word_1_40' title='bbox 1211 369 1311 414; x_wconf 84' lang='grc'><strong><em>262).</em></strong></span> <span class='ocrx_word' id='word_1_41' title='bbox 1334 388 1380 394; x_wconf 91' lang='grc'><strong>-</strong></span> <span class='ocrx_word' id='word_1_42' title='bbox 1405 370 1462 412; x_wconf 86' lang='grc'><em>28)</em></span> <span class='ocrx_word' id='word_1_43' title='bbox 1485 370 1636 413; x_wconf 82' lang='lat' dir='ltr'><em>Mirum,</em></span> <span class='ocrx_word' id='word_1_44' title='bbox 1667 381 1778 404; x_wconf 88' lang='lat' dir='ltr'><em>unam</em></span> <span class='ocrx_word' id='word_1_45' title='bbox 1801 373 1942 406; x_wconf 86' lang='lat' dir='ltr'><em>tantum</em></span> 
     </span>
     <span class='ocr_line' id='line_1_5' title="bbox 225 426 1940 472; baseline 0 -10"><span class='ocrx_word' id='word_1_46' title='bbox 225 430 412 472; x_wconf 75' lang='lat' dir='ltr'><em>Ilithyiam</em></span> <span class='ocrx_word' id='word_1_47' title='bbox 435 427 612 459; x_wconf 83' lang='lat' dir='ltr'><em>invocari.</em></span> <span class='ocrx_word' id='word_1_48' title='bbox 660 426 717 459; x_wconf 90' lang='lat' dir='ltr'><em>Ita</em></span> <span class='ocrx_word' id='word_1_49' title='bbox 741 426 912 459; x_wconf 88' lang='lat' dir='ltr'><em>Horatius</em></span> <span class='ocrx_word' id='word_1_50' title='bbox 935 436 1074 469; x_wconf 84' lang='lat' dir='ltr'><em>quoque</em></span> <span class='ocrx_word' id='word_1_51' title='bbox 1098 437 1206 461; x_wconf 88' lang='lat' dir='ltr'><em>carm.</em></span> <span class='ocrx_word' id='word_1_52' title='bbox 1223 436 1317 461; x_wconf 86' lang='lat' dir='ltr'><em>saec.</em></span> <span class='ocrx_word' id='word_1_53' title='bbox 1333 437 1364 460; x_wconf 86' lang='lat' dir='ltr'><em>v.</em></span> <span class='ocrx_word' id='word_1_54' title='bbox 1381 426 1427 460; x_wconf 94' lang='grc'><em>45</em></span> <span class='ocrx_word' id='word_1_55' title='bbox 1437 437 1521 469; x_wconf 73' lang='lat' dir='ltr'><em>seq„</em></span> <span class='ocrx_word' id='word_1_56' title='bbox 1547 428 1610 470; x_wconf 82' lang='lat' dir='ltr'><em>qui</em></span> <span class='ocrx_word' id='word_1_57' title='bbox 1632 428 1745 461; x_wconf 85' lang='lat' dir='ltr'><em>eidem</em></span> <span class='ocrx_word' id='word_1_58' title='bbox 1769 428 1854 461; x_wconf 87' lang='lat' dir='ltr'><em>deae</em></span> <span class='ocrx_word' id='word_1_59' title='bbox 1869 428 1940 462; x_wconf 86' lang='lat' dir='ltr'><em>Lu-</em></span> 
     </span>
     <span class='ocr_line' id='line_1_6' title="bbox 225 482 1942 526; baseline 0 -8"><span class='ocrx_word' id='word_1_60' title='bbox 225 489 326 518; x_wconf 85' lang='lat' dir='ltr'><em>cinae</em></span> <span class='ocrx_word' id='word_1_61' title='bbox 343 488 377 517; x_wconf 90' lang='lat' dir='ltr'><em>et</em></span> <span class='ocrx_word' id='word_1_62' title='bbox 396 482 569 517; x_wconf 78' lang='lat' dir='ltr'><em>Genitalis</em></span> <span class='ocrx_word' id='word_1_63' title='bbox 585 482 759 516; x_wconf 86' lang='lat' dir='ltr'><em>vocabula</em></span> <span class='ocrx_word' id='word_1_64' title='bbox 777 482 887 515; x_wconf 78' lang='lat' dir='ltr'><em>addit.</em></span> <span class='ocrx_word' id='word_1_65' title='bbox 926 482 1089 516; x_wconf 90' lang='lat' dir='ltr'><em>Ceterum</em></span> <span class='ocrx_word' id='word_1_66' title='bbox 1105 482 1256 526; x_wconf 76' lang='lat' dir='ltr'><em>Ilithyia</em></span> <span class='ocrx_word' id='word_1_67' title='bbox 1273 493 1354 516; x_wconf 90' lang='lat' dir='ltr'><em>cum</em></span> <span class='ocrx_word' id='word_1_68' title='bbox 1370 483 1504 516; x_wconf 90' lang='lat' dir='ltr'><em>Moeris</em></span> <span class='ocrx_word' id='word_1_69' title='bbox 1517 485 1592 517; x_wconf 81' lang='lat' dir='ltr'><em>sive</em></span> <span class='ocrx_word' id='word_1_70' title='bbox 1608 484 1731 517; x_wconf 84' lang='lat' dir='ltr'><em>Maera</em></span> <span class='ocrx_word' id='word_1_71' title='bbox 1749 485 1942 518; x_wconf 80' lang='lat' dir='ltr'><em>coniuncta</em></span> 
     </span>
     <span class='ocr_line' id='line_1_7' title="bbox 224 538 1942 586; baseline 0 -11"><span class='ocrx_word' id='word_1_72' title='bbox 224 543 405 585; x_wconf 87' lang='lat' dir='ltr'><em>reperitur</em></span> <span class='ocrx_word' id='word_1_73' title='bbox 421 542 495 572; x_wconf 91' lang='lat' dir='ltr'><em>iam</em></span> <span class='ocrx_word' id='word_1_74' title='bbox 512 539 611 582; x_wconf 90' lang='lat' dir='ltr'><em>apud</em></span> <span class='ocrx_word' id='word_1_75' title='bbox 626 540 774 572; x_wconf 87' lang='lat' dir='ltr'><em>Pindar.</em></span> <span class='ocrx_word' id='word_1_76' title='bbox 787 538 888 573; x_wconf 89' lang='lat' dir='ltr'><em>Nem.</em></span> <span class='ocrx_word' id='word_1_77' title='bbox 901 539 932 581; x_wconf 90' lang='lat'><em>7,</em></span> <span class='ocrx_word' id='word_1_78' title='bbox 945 539 976 581; x_wconf 94' lang='grc'><strong><em>4,</em></strong></span> <span class='ocrx_word' id='word_1_79' title='bbox 996 538 1048 574; x_wconf 76' lang='grc'><em>01.</em></span> <span class='ocrx_word' id='word_1_80' title='bbox 1062 540 1093 581; x_wconf 90' lang='grc'><strong><em>6,</em></strong></span> <span class='ocrx_word' id='word_1_81' title='bbox 1106 539 1172 580; x_wconf 67' lang='grc'><em>42,</em></span> <span class='ocrx_word' id='word_1_82' title='bbox 1197 539 1288 573; x_wconf 86' lang='lat' dir='ltr'><em>Plat.</em></span> <span class='ocrx_word' id='word_1_83' title='bbox 1305 549 1459 586; x_wconf 86' lang='lat' dir='ltr'><em>sympos.</em></span> <span class='ocrx_word' id='word_1_84' title='bbox 1473 550 1509 584; x_wconf 93' lang='lat' dir='ltr'><em>p.</em></span> <span class='ocrx_word' id='word_1_85' title='bbox 1521 541 1589 574; x_wconf 89' lang='grc'><em>206</em></span> <span class='ocrx_word' id='word_1_86' title='bbox 1596 540 1629 574; x_wconf 90' lang='lat' dir='ltr'><em>d.</em></span> <span class='ocrx_word' id='word_1_87' title='bbox 1642 559 1687 566; x_wconf 90' lang='lat'><em>--</em></span> <span class='ocrx_word' id='word_1_88' title='bbox 1704 542 1761 584; x_wconf 82' lang='lat'><em>29)</em></span> <span class='ocrx_word' id='word_1_89' title='bbox 1778 540 1942 575; x_wconf 85' lang='lat' dir='ltr'><em>Secundo</em></span> 
     </span>
     <span class='ocr_line' id='line_1_8' title="bbox 224 594 1943 641; baseline 0 -10"><span class='ocrx_word' id='word_1_90' title='bbox 224 599 280 632; x_wconf 90' lang='lat' dir='ltr'><em>die</em></span> <span class='ocrx_word' id='word_1_91' title='bbox 311 597 351 641; x_wconf 83' lang='grc'><em>(2</em></span> <span class='ocrx_word' id='word_1_92' title='bbox 376 594 484 640; x_wconf 66' lang='lat' dir='ltr'><em>Iun),</em></span> <span class='ocrx_word' id='word_1_93' title='bbox 520 595 797 637; x_wconf 80' lang='lat' dir='ltr'><em>sacrificabatur</em></span> <span class='ocrx_word' id='word_1_94' title='bbox 827 596 974 638; x_wconf 88' lang='lat' dir='ltr'><em>Iunoni,</em></span> <span class='ocrx_word' id='word_1_95' title='bbox 1012 597 1052 628; x_wconf 92' lang='lat' dir='ltr'><em>in</em></span> <span class='ocrx_word' id='word_1_96' title='bbox 1086 595 1274 638; x_wconf 88' lang='lat' dir='ltr'><em>Capitolio,</em></span> <span class='ocrx_word' id='word_1_97' title='bbox 1306 599 1348 629; x_wconf 90' lang='lat' dir='ltr'><em>ut</em></span> <span class='ocrx_word' id='word_1_98' title='bbox 1379 596 1435 629; x_wconf 90' lang='lat' dir='ltr'><em>die</em></span> <span class='ocrx_word' id='word_1_99' title='bbox 1466 599 1528 640; x_wconf 85' lang='lat' dir='ltr'><em>qui</em></span> <span class='ocrx_word' id='word_1_100' title='bbox 1556 599 1753 640; x_wconf 73' lang='lat' dir='ltr'><em>praecessit</em></span> <span class='ocrx_word' id='word_1_101' title='bbox 1783 598 1873 632; x_wconf 88' lang='lat' dir='ltr'><em>Iovi.</em></span> <span class='ocrx_word' id='word_1_102' title='bbox 1897 616 1943 622; x_wconf 97' lang='lat'><strong>—</strong></span> 
     </span>
     <span class='ocr_line' id='line_1_9' title="bbox 223 652 1943 697; baseline -0.001 -8"><span class='ocrx_word' id='word_1_103' title='bbox 223 657 280 697; x_wconf 88' lang='lat'><em>30)</em></span> <span class='ocrx_word' id='word_1_104' title='bbox 307 654 473 688; x_wconf 85' lang='lat' dir='ltr'><em>Victimis</em></span> <span class='ocrx_word' id='word_1_105' title='bbox 495 653 689 686; x_wconf 84' lang='lat' dir='ltr'><em>immolatis</em></span> <span class='ocrx_word' id='word_1_106' title='bbox 712 656 902 686; x_wconf 88' lang='lat' dir='ltr'><em>matronae</em></span> <span class='ocrx_word' id='word_1_107' title='bbox 928 652 985 686; x_wconf 82' lang='lat' dir='ltr'><em>CX</em></span> <span class='ocrx_word' id='word_1_108' title='bbox 1009 652 1182 685; x_wconf 87' lang='lat' dir='ltr'><em>Iunonem</em></span> <span class='ocrx_word' id='word_1_109' title='bbox 1205 654 1477 696; x_wconf 86' lang='lat' dir='ltr'><em>invocaverunt,</em></span> <span class='ocrx_word' id='word_1_110' title='bbox 1507 656 1549 686; x_wconf 89' lang='lat' dir='ltr'><em>ut</em></span> <span class='ocrx_word' id='word_1_111' title='bbox 1572 657 1625 687; x_wconf 90' lang='lat' dir='ltr'><em>est</em></span> <span class='ocrx_word' id='word_1_112' title='bbox 1647 656 1688 687; x_wconf 88' lang='lat' dir='ltr'><em>in</em></span> <span class='ocrx_word' id='word_1_113' title='bbox 1713 655 1862 688; x_wconf 88' lang='lat' dir='ltr'><em>oraculo</em></span> <span class='ocrx_word' id='word_1_114' title='bbox 1886 653 1943 688; x_wconf 89' lang='lat' dir='ltr'><em>Si-</em></span> 
     </span>
     <span class='ocr_line' id='line_1_10' title="bbox 224 703 1941 758; baseline 0.002 -13"><span class='ocrx_word' id='word_1_115' title='bbox 224 712 341 756; x_wconf 88' lang='lat' dir='ltr'><em>byllae</em></span> <span class='ocrx_word' id='word_1_116' title='bbox 357 722 388 744; x_wconf 88' lang='lat' dir='ltr'><em>v.</em></span> <span class='ocrx_word' id='word_1_117' title='bbox 405 710 451 744; x_wconf 84' lang='lat'><em>23</em></span> <span class='ocrx_word' id='word_1_118' title='bbox 462 721 555 752; x_wconf 87' lang='lat' dir='ltr'><em>seq..·</em></span> <span class='ocrx_word' id='word_1_119' title='bbox 580 707 619 745; x_wconf 75' lang='grc' dir='ltr'><em>αἱ</em></span> <span class='ocrx_word' id='word_1_120' title='bbox 642 708 681 745; x_wconf 84' lang='grc' dir='ltr'><em>δὲ</em></span> <span class='ocrx_word' id='word_1_121' title='bbox 702 705 829 756; x_wconf 76' lang='grc' dir='ltr'><em>γάμου</em></span> <span class='ocrx_word' id='word_1_122' title='bbox 853 705 1044 755; x_wconf 81' lang='grc' dir='ltr'><strong><em>ζεύγλαισι</em></strong></span> <span class='ocrx_word' id='word_1_123' title='bbox 1069 708 1292 756; x_wconf 82' lang='grc' dir='ltr'><strong><em>δεδμημὲναι</em></strong></span> <span class='ocrx_word' id='word_1_124' title='bbox 1314 706 1429 755; x_wconf 83' lang='grc' dir='ltr'><strong><em>ἤματι</em></strong></span> <span class='ocrx_word' id='word_1_125' title='bbox 1451 710 1567 758; x_wconf 82' lang='grc' dir='ltr'><em>κείνῳ</em></span> <span class='ocrx_word' id='word_1_126' title='bbox 1591 709 1683 757; x_wconf 79' lang='grc' dir='ltr'><strong><em>γνὺξ</em></strong></span> <span class='ocrx_word' id='word_1_127' title='bbox 1693 703 1812 757; x_wconf 58' lang='grc' dir='ltr'><strong><em>(Ἡρης</em></strong></span> <span class='ocrx_word' id='word_1_128' title='bbox 1834 722 1941 757; x_wconf 85' lang='grc' dir='ltr'><strong><em>παρα</em></strong></span> 
     </span>
     <span class='ocr_line' id='line_1_11' title="bbox 222 761 1943 816; baseline -0.002 -12"><span class='ocrx_word' id='word_1_129' title='bbox 222 763 360 816; x_wconf 85' lang='grc' dir='ltr'><strong><em>βωμὸν</em></strong></span> <span class='ocrx_word' id='word_1_130' title='bbox 385 761 564 811; x_wconf 78' lang='grc' dir='ltr'><strong><em>αόίὸιμον</em></strong></span> <span class='ocrx_word' id='word_1_131' title='bbox 588 762 793 812; x_wconf 75' lang='grc' dir='ltr'><strong><em>ἑδριόωσαι</em></strong></span> <span class='ocrx_word' id='word_1_132' title='bbox 817 766 982 811; x_wconf 79' lang='grc' dir='ltr'><strong><em>δαίμονα</em></strong></span> <span class='ocrx_word' id='word_1_133' title='bbox 1006 765 1284 803; x_wconf 77' lang='grc' dir='ltr'><strong><em>λισσέσθωσαν.</em></strong></span> <span class='ocrx_word' id='word_1_134' title='bbox 1320 767 1363 800; x_wconf 92' lang='lat' dir='ltr'><em>In</em></span> <span class='ocrx_word' id='word_1_135' title='bbox 1379 768 1557 801; x_wconf 78' lang='lat' dir='ltr'><em>similibus</em></span> <span class='ocrx_word' id='word_1_136' title='bbox 1581 770 1670 801; x_wconf 90' lang='lat' dir='ltr'><em>actis</em></span> <span class='ocrx_word' id='word_1_137' title='bbox 1694 770 1823 801; x_wconf 85' lang='lat' dir='ltr'><em>aetatis</em></span> <span class='ocrx_word' id='word_1_138' title='bbox 1839 767 1943 802; x_wconf 84' lang='lat' dir='ltr'><em>Seve-</em></span> 
     </span>
     <span class='ocr_line' id='line_1_12' title="bbox 222 823 1942 869; baseline 0.001 -11"><span class='ocrx_word' id='word_1_139' title='bbox 222 828 350 858; x_wconf 88' lang='lat' dir='ltr'><em>rianae</em></span> <span class='ocrx_word' id='word_1_140' title='bbox 374 835 422 857; x_wconf 74' lang='lat' dir='ltr'><em>ex</em></span> <span class='ocrx_word' id='word_1_141' title='bbox 445 825 501 856; x_wconf 82' lang='lat' dir='ltr'><em>his</em></span> <span class='ocrx_word' id='word_1_142' title='bbox 525 823 586 857; x_wconf 88' lang='lat' dir='ltr'><em>CX</em></span> <span class='ocrx_word' id='word_1_143' title='bbox 603 827 856 858; x_wconf 88' lang='lat' dir='ltr'><em>matronarum</em></span> <span class='ocrx_word' id='word_1_144' title='bbox 877 824 1044 865; x_wconf 86' lang='lat' dir='ltr'><em>precibus</em></span> <span class='ocrx_word' id='word_1_145' title='bbox 1067 826 1261 866; x_wconf 80' lang='lat' dir='ltr'><em>supersunt</em></span> <span class='ocrx_word' id='word_1_146' title='bbox 1285 824 1392 857; x_wconf 82' lang='lat' dir='ltr'><em>haec.-</em></span> <span class='ocrx_word' id='word_1_147' title='bbox 1422 824 1506 858; x_wconf 92' lang='lat' dir='ltr'><em>luno</em></span> <span class='ocrx_word' id='word_1_148' title='bbox 1530 824 1676 868; x_wconf 80' lang='lat' dir='ltr'><em>Regina!</em></span> <span class='ocrx_word' id='word_1_149' title='bbox 1702 829 1756 858; x_wconf 83' lang='lat' dir='ltr'><em>ast</em></span> <span class='ocrx_word' id='word_1_150' title='bbox 1780 823 1864 869; x_wconf 84' lang='lat' dir='ltr'><em>quid</em></span> <span class='ocrx_word' id='word_1_151' title='bbox 1888 830 1942 859; x_wconf 80' lang='lat' dir='ltr'><em>est</em></span> 
     </span>
     <span class='ocr_line' id='line_1_13' title="bbox 222 879 1942 927; baseline -0.001 -12"><span class='ocrx_word' id='word_1_152' title='bbox 222 881 333 925; x_wconf 84' lang='lat' dir='ltr'><em>[quod</em></span> <span class='ocrx_word' id='word_1_153' title='bbox 347 881 487 922; x_wconf 87' lang='lat' dir='ltr'><em>melius]</em></span> <span class='ocrx_word' id='word_1_154' title='bbox 511 881 577 914; x_wconf 85' lang='lat' dir='ltr'><em>siet</em></span> <span class='ocrx_word' id='word_1_155' title='bbox 594 890 626 924; x_wconf 91' lang='lat' dir='ltr'><em>p.</em></span> <span class='ocrx_word' id='word_1_156' title='bbox 645 880 683 914; x_wconf 84' lang='lat' dir='ltr'><em>R.</em></span> <span class='ocrx_word' id='word_1_157' title='bbox 703 905 712 915; x_wconf 84' lang='lat'><em>.</em></span> <span class='ocrx_word' id='word_1_158' title='bbox 730 907 739 916; x_wconf 93' lang='lat'><em>.</em></span> <span class='ocrx_word' id='word_1_159' title='bbox 765 884 799 913; x_wconf 88' lang='lat' dir='ltr'><em>et</em></span> <span class='ocrx_word' id='word_1_160' title='bbox 821 883 945 923; x_wconf 86' lang='lat' dir='ltr'><em>postea</em></span> <span class='ocrx_word' id='word_1_161' title='bbox 971 880 1020 913; x_wconf 81' lang='lat' dir='ltr'><em>uti</em></span> <span class='ocrx_word' id='word_1_162' title='bbox 1047 884 1083 914; x_wconf 74' lang='lat' dir='ltr'><em>tu</em></span> <span class='ocrx_word' id='word_1_163' title='bbox 1100 881 1313 923; x_wconf 89' lang='lat' dir='ltr'><em>im[peri]um</em></span> <span class='ocrx_word' id='word_1_164' title='bbox 1337 881 1635 927; x_wconf 73' lang='lat' dir='ltr'><em>maiestatemsque</em></span> <span class='ocrx_word' id='word_1_165' title='bbox 1647 893 1686 925; x_wconf 91' lang='lat' dir='ltr'><em>p.</em></span> <span class='ocrx_word' id='word_1_166' title='bbox 1702 881 1744 918; x_wconf 81' lang='lat' dir='ltr'><em>R.</em></span> <span class='ocrx_word' id='word_1_167' title='bbox 1761 881 1800 924; x_wconf 79' lang='lat' dir='ltr'><em>Q.</em></span> <span class='ocrx_word' id='word_1_168' title='bbox 1818 879 1942 926; x_wconf 86' lang='lat' dir='ltr'><em>du]elli</em></span> 
     </span>
     <span class='ocr_line' id='line_1_14' title="bbox 222 937 1940 982; baseline 0 -10"><span class='ocrx_word' id='word_1_169' title='bbox 222 938 383 982; x_wconf 87' lang='lat' dir='ltr'><em>domique</em></span> <span class='ocrx_word' id='word_1_170' title='bbox 409 938 506 971; x_wconf 75' lang='lat' dir='ltr'><em>nuxis</em></span> <span class='ocrx_word' id='word_1_171' title='bbox 530 937 651 981; x_wconf 78' lang='lat' dir='ltr'><em>utique</em></span> <span class='ocrx_word' id='word_1_172' title='bbox 668 947 803 981; x_wconf 87' lang='lat' dir='ltr'>semper</span> <span class='ocrx_word' id='word_1_173' title='bbox 819 938 990 979; x_wconf 82' lang='lat' dir='ltr'><em>Latinu[m</em></span> <span class='ocrx_word' id='word_1_174' title='bbox 1005 939 1146 979; x_wconf 89' lang='lat' dir='ltr'><em>nomen]</em></span> <span class='ocrx_word' id='word_1_175' title='bbox 1164 964 1172 972; x_wconf 91' lang='lat'><em>.</em></span> <span class='ocrx_word' id='word_1_176' title='bbox 1191 962 1200 972; x_wconf 88' lang='lat'><em>.</em></span> <span class='ocrx_word' id='word_1_177' title='bbox 1217 962 1226 973; x_wconf 93' lang='lat'><em>.</em></span> <span class='ocrx_word' id='word_1_178' title='bbox 1252 941 1287 971; x_wconf 89' lang='lat' dir='ltr'><em>et</em></span> <span class='ocrx_word' id='word_1_179' title='bbox 1300 948 1430 972; x_wconf 84' lang='lat' dir='ltr'><em>rursus</em></span> <span class='ocrx_word' id='word_1_180' title='bbox 1443 942 1525 981; x_wconf 89' lang='lat' dir='ltr'><em>post</em></span> <span class='ocrx_word' id='word_1_181' title='bbox 1539 939 1698 972; x_wconf 78' lang='lat' dir='ltr'><em>hiatum:</em></span> <span class='ocrx_word' id='word_1_182' title='bbox 1722 937 1940 981; x_wconf 78' lang='lat' dir='ltr'><em>[faveasque]</em></span> 
     </span>
     <span class='ocr_line' id='line_1_15' title="bbox 222 993 1942 1039; baseline -0.001 -10"><span class='ocrx_word' id='word_1_183' title='bbox 222 1007 255 1039; x_wconf 89' lang='lat' dir='ltr'><em>p.</em></span> <span class='ocrx_word' id='word_1_184' title='bbox 280 994 320 1029; x_wconf 87' lang='lat' dir='ltr'><em>R.</em></span> <span class='ocrx_word' id='word_1_185' title='bbox 339 993 379 1033; x_wconf 82' lang='lat' dir='ltr'><em>Q.</em></span> <span class='ocrx_word' id='word_1_186' title='bbox 404 993 695 1037; x_wconf 82' lang='lat' dir='ltr'><em>legionibu[sque]</em></span> <span class='ocrx_word' id='word_1_187' title='bbox 719 1005 754 1039; x_wconf 89' lang='lat' dir='ltr'><em>p.</em></span> <span class='ocrx_word' id='word_1_188' title='bbox 778 993 817 1028; x_wconf 89' lang='lat' dir='ltr'><em>R.</em></span> <span class='ocrx_word' id='word_1_189' title='bbox 843 993 883 1034; x_wconf 84' lang='lat' dir='ltr'><em>Q.</em></span> <span class='ocrx_word' id='word_1_190' title='bbox 911 1004 1051 1038; x_wconf 86' lang='lat' dir='ltr'><em>remque</em></span> <span class='ocrx_word' id='word_1_191' title='bbox 1076 994 1249 1038; x_wconf 80' lang='lat' dir='ltr'><em>publicam</em></span> <span class='ocrx_word' id='word_1_192' title='bbox 1275 1005 1309 1038; x_wconf 90' lang='lat' dir='ltr'><em>p.</em></span> <span class='ocrx_word' id='word_1_193' title='bbox 1327 994 1366 1030; x_wconf 83' lang='lat' dir='ltr'><em>R.</em></span> <span class='ocrx_word' id='word_1_194' title='bbox 1385 994 1426 1034; x_wconf 88' lang='lat' dir='ltr'><em>Q.</em></span> <span class='ocrx_word' id='word_1_195' title='bbox 1450 995 1581 1029; x_wconf 83' lang='lat' dir='ltr'><em>salvam</em></span> <span class='ocrx_word' id='word_1_196' title='bbox 1606 997 1749 1038; x_wconf 86' lang='lat' dir='ltr'><em>serve[s]</em></span> <span class='ocrx_word' id='word_1_197' title='bbox 1766 1019 1776 1030; x_wconf 87' lang='lat'><em>.</em></span> <span class='ocrx_word' id='word_1_198' title='bbox 1794 1020 1803 1030; x_wconf 93' lang='lat'><em>.</em></span> <span class='ocrx_word' id='word_1_199' title='bbox 1820 1020 1830 1030; x_wconf 91' lang='lat'><em>.</em></span> <span class='ocrx_word' id='word_1_200' title='bbox 1854 994 1942 1029; x_wconf 80' lang='lat' dir='ltr'><em>faxis</em></span> 
     </span>
     <span class='ocr_line' id='line_1_16' title="bbox 223 1049 1943 1096; baseline 0 -10"><span class='ocrx_word' id='word_1_201' title='bbox 223 1052 338 1096; x_wconf 80' lang='lat' dir='ltr'><em>sisque</em></span> <span class='ocrx_word' id='word_1_202' title='bbox 366 1051 485 1084; x_wconf 86' lang='lat' dir='ltr'><em>volens</em></span> <span class='ocrx_word' id='word_1_203' title='bbox 510 1050 659 1094; x_wconf 83' lang='lat' dir='ltr'><em>propitia</em></span> <span class='ocrx_word' id='word_1_204' title='bbox 685 1062 718 1094; x_wconf 92' lang='lat' dir='ltr'><em>p.</em></span> <span class='ocrx_word' id='word_1_205' title='bbox 745 1049 797 1095; x_wconf 78' lang='lat' dir='ltr'><em>[R.</em></span> <span class='ocrx_word' id='word_1_206' title='bbox 823 1050 875 1092; x_wconf 82' lang='lat' dir='ltr'><em>Q.]</em></span> <span class='ocrx_word' id='word_1_207' title='bbox 901 1054 965 1084; x_wconf 89' lang='lat' dir='ltr'><em>cet.</em></span> <span class='ocrx_word' id='word_1_208' title='bbox 991 1050 1061 1094; x_wconf 91' lang='lat' dir='ltr'><em>(VI</em></span> <span class='ocrx_word' id='word_1_209' title='bbox 1081 1051 1203 1086; x_wconf 88' lang='grc'><strong><em>52529</em></strong></span> <span class='ocrx_word' id='word_1_210' title='bbox 1220 1068 1264 1080; x_wconf 96' lang='lat'>=</span> <span class='ocrx_word' id='word_1_211' title='bbox 1287 1052 1379 1094; x_wconf 79' lang='lat' dir='ltr'><em>Eph.</em></span> <span class='ocrx_word' id='word_1_212' title='bbox 1405 1063 1458 1095; x_wconf 85' lang='lat' dir='ltr'><em>cp.</em></span> <span class='ocrx_word' id='word_1_213' title='bbox 1482 1054 1505 1086; x_wconf 87' lang='lat'><em>8</em></span> <span class='ocrx_word' id='word_1_214' title='bbox 1526 1063 1562 1096; x_wconf 88' lang='lat' dir='ltr'><em>p.</em></span> <span class='ocrx_word' id='word_1_215' title='bbox 1577 1053 1646 1086; x_wconf 88' lang='grc'><strong><em>287</em></strong></span> <span class='ocrx_word' id='word_1_216' title='bbox 1668 1063 1701 1086; x_wconf 88' lang='grc' dir='ltr'><em>υ.</em></span> <span class='ocrx_word' id='word_1_217' title='bbox 1718 1052 1760 1086; x_wconf 89' lang='grc'><em>40</em></span> <span class='ocrx_word' id='word_1_218' title='bbox 1772 1051 1874 1096; x_wconf 64' lang='lat' dir='ltr'><em>seq).</em></span> <span class='ocrx_word' id='word_1_219' title='bbox 1895 1069 1943 1076; x_wconf 90' lang='lat'>-</span> 
     </span>
     <span class='ocr_line' id='line_1_17' title="bbox 223 1107 1941 1152; baseline 0 -9"><span class='ocrx_word' id='word_1_220' title='bbox 223 1111 280 1151; x_wconf 88' lang='lat'><em>31)</em></span> <span class='ocrx_word' id='word_1_221' title='bbox 306 1108 456 1142; x_wconf 80' lang='lat' dir='ltr'><em>Caesare</em></span> <span class='ocrx_word' id='word_1_222' title='bbox 487 1109 629 1140; x_wconf 81' lang='lat' dir='ltr'><em>absente</em></span> <span class='ocrx_word' id='word_1_223' title='bbox 663 1107 727 1152; x_wconf 65' lang='lat' dir='ltr'><em>(cfl</em></span> <span class='ocrx_word' id='word_1_224' title='bbox 754 1108 802 1140; x_wconf 91' lang='lat' dir='ltr'><em>ad</em></span> <span class='ocrx_word' id='word_1_225' title='bbox 829 1119 862 1141; x_wconf 89' lang='grc' dir='ltr'><em>υ.</em></span> <span class='ocrx_word' id='word_1_226' title='bbox 887 1108 955 1142; x_wconf 84' lang='grc'><em>432</em></span> <span class='ocrx_word' id='word_1_227' title='bbox 979 1111 1054 1141; x_wconf 88' lang='lat' dir='ltr'><em>not.</em></span> <span class='ocrx_word' id='word_1_228' title='bbox 1078 1107 1153 1150; x_wconf 80' lang='lat'><em>35),</em></span> <span class='ocrx_word' id='word_1_229' title='bbox 1188 1110 1364 1142; x_wconf 81' lang='lat' dir='ltr'><em>matronis</em></span> <span class='ocrx_word' id='word_1_230' title='bbox 1396 1109 1540 1142; x_wconf 85' lang='lat' dir='ltr'><em>videtur</em></span> <span class='ocrx_word' id='word_1_231' title='bbox 1570 1111 1677 1143; x_wconf 90' lang='lat' dir='ltr'><em>verba</em></span> <span class='ocrx_word' id='word_1_232' title='bbox 1705 1110 1864 1152; x_wconf 73' lang='lat' dir='ltr'><em>praeisse</em></span> <span class='ocrx_word' id='word_1_233' title='bbox 1891 1107 1941 1143; x_wconf 89' lang='lat' dir='ltr'><em>M.</em></span> 
     </span>
     <span class='ocr_line' id='line_1_18' title="bbox 221 1164 1941 1209; baseline 0.001 -10"><span class='ocrx_word' id='word_1_234' title='bbox 221 1167 385 1209; x_wconf 82' lang='lat' dir='ltr'><em>Agrippa</em></span> <span class='ocrx_word' id='word_1_235' title='bbox 405 1164 558 1208; x_wconf 77' lang='lat' dir='ltr'><em>(Wiss.).</em></span> <span class='ocrx_word' id='word_1_236' title='bbox 574 1184 618 1188; x_wconf 96' lang='lat'><strong>—</strong></span> <span class='ocrx_word' id='word_1_237' title='bbox 643 1166 699 1207; x_wconf 86' lang='lat'><em>32)</em></span> <span class='ocrx_word' id='word_1_238' title='bbox 722 1166 790 1198; x_wconf 89' lang='lat' dir='ltr'><em>Ast</em></span> <span class='ocrx_word' id='word_1_239' title='bbox 812 1165 879 1198; x_wconf 80' lang='lat' dir='ltr'><em>hoc</em></span> <span class='ocrx_word' id='word_1_240' title='bbox 896 1165 972 1198; x_wconf 88' lang='lat' dir='ltr'><em>loco</em></span> <span class='ocrx_word' id='word_1_241' title='bbox 997 1165 1090 1198; x_wconf 91' lang='lat' dir='ltr'><em>idem</em></span> <span class='ocrx_word' id='word_1_242' title='bbox 1107 1165 1202 1198; x_wconf 89' lang='lat' dir='ltr'><em>valet</em></span> <span class='ocrx_word' id='word_1_243' title='bbox 1226 1168 1354 1208; x_wconf 84' lang='lat' dir='ltr'><em>atque:</em></span> <span class='ocrx_word' id='word_1_244' title='bbox 1378 1166 1430 1209; x_wconf 66' lang='lat' dir='ltr'><em>si7·</em></span> <span class='ocrx_word' id='word_1_245' title='bbox 1455 1165 1501 1206; x_wconf 79' lang='lat' dir='ltr'><em>cf.</em></span> <span class='ocrx_word' id='word_1_246' title='bbox 1520 1166 1663 1200; x_wconf 86' lang='lat' dir='ltr'><em>Sclzoell</em></span> <span class='ocrx_word' id='word_1_247' title='bbox 1680 1165 1746 1208; x_wconf 78' lang='lat' dir='ltr'><em>leg.</em></span> <span class='ocrx_word' id='word_1_248' title='bbox 1762 1165 1833 1199; x_wconf 82' lang='lat' dir='ltr'><em>XII</em></span> <span class='ocrx_word' id='word_1_249' title='bbox 1847 1166 1941 1201; x_wconf 77' lang='lat' dir='ltr'><em>tabb.</em></span> 
     </span>
     <span class='ocr_line' id='line_1_19' title="bbox 221 1221 1943 1265; baseline 0.001 -10"><span class='ocrx_word' id='word_1_250' title='bbox 221 1223 323 1265; x_wconf 82' lang='lat' dir='ltr'><em>reliq.</em></span> <span class='ocrx_word' id='word_1_251' title='bbox 337 1222 466 1264; x_wconf 74' lang='lat' dir='ltr'><em>p.440,·</em></span> <span class='ocrx_word' id='word_1_252' title='bbox 489 1221 685 1254; x_wconf 84' lang='lat' dir='ltr'><em>Mommsen</em></span> <span class='ocrx_word' id='word_1_253' title='bbox 702 1223 779 1265; x_wconf 80' lang='lat' dir='ltr'><em>epli.</em></span> <span class='ocrx_word' id='word_1_254' title='bbox 793 1222 815 1255; x_wconf 94' lang='lat' dir='ltr'><em>l.</em></span> <span class='ocrx_word' id='word_1_255' title='bbox 830 1232 859 1257; x_wconf 90' lang='lat' dir='ltr'><em>c.</em></span> <span class='ocrx_word' id='word_1_256' title='bbox 875 1233 910 1265; x_wconf 92' lang='lat' dir='ltr'><em>p.</em></span> <span class='ocrx_word' id='word_1_257' title='bbox 920 1223 986 1256; x_wconf 83' lang='lat'><em>266</em></span> <span class='ocrx_word' id='word_1_258' title='bbox 1003 1225 1076 1256; x_wconf 87' lang='lat' dir='ltr'><em>not.</em></span> <span class='ocrx_word' id='word_1_259' title='bbox 1084 1222 1118 1262; x_wconf 84' lang='lat'><em>3,</em></span> <span class='ocrx_word' id='word_1_260' title='bbox 1131 1224 1325 1265; x_wconf 86' lang='lat' dir='ltr'><em>praeterea</em></span> <span class='ocrx_word' id='word_1_261' title='bbox 1340 1233 1453 1265; x_wconf 87' lang='lat' dir='ltr'><em>supra</em></span> <span class='ocrx_word' id='word_1_262' title='bbox 1468 1222 1513 1257; x_wconf 89' lang='lat' dir='ltr'><em>N.</em></span> <span class='ocrx_word' id='word_1_263' title='bbox 1526 1224 1620 1257; x_wconf 77' lang='lat'><em>5052</em></span> <span class='ocrx_word' id='word_1_264' title='bbox 1633 1223 1750 1257; x_wconf 80' lang='lat' dir='ltr'><em>not.2.</em></span> <span class='ocrx_word' id='word_1_265' title='bbox 1763 1241 1807 1246; x_wconf 96' lang='lat'><strong>—</strong></span> <span class='ocrx_word' id='word_1_266' title='bbox 1824 1222 1882 1264; x_wconf 87' lang='grc'><em>33)</em></span> <span class='ocrx_word' id='word_1_267' title='bbox 1899 1221 1943 1256; x_wconf 82' lang='lat' dir='ltr'><em>Id</em></span> 
     </span>
     <span class='ocr_line' id='line_1_20' title="bbox 222 1271 1942 1325; baseline 0.001 -15"><span class='ocrx_word' id='word_1_268' title='bbox 222 1282 274 1312; x_wconf 80' lang='lat' dir='ltr'><em>est</em></span> <span class='ocrx_word' id='word_1_269' title='bbox 288 1271 395 1325; x_wconf 74' lang='grc' dir='ltr'><strong><em>γνύξ,</em></strong></span> <span class='ocrx_word' id='word_1_270' title='bbox 420 1278 516 1320; x_wconf 84' lang='lat' dir='ltr'><em>quod</em></span> <span class='ocrx_word' id='word_1_271' title='bbox 532 1282 611 1311; x_wconf 85' lang='lat' dir='ltr'><em>erat</em></span> <span class='ocrx_word' id='word_1_272' title='bbox 625 1280 664 1311; x_wconf 90' lang='lat' dir='ltr'><em>in</em></span> <span class='ocrx_word' id='word_1_273' title='bbox 682 1279 843 1313; x_wconf 86' lang='lat' dir='ltr'><em>oraculo.</em></span> <span class='ocrx_word' id='word_1_274' title='bbox 878 1278 1208 1322; x_wconf 87' lang='lat' dir='ltr'><em>Repraesentantur</em></span> <span class='ocrx_word' id='word_1_275' title='bbox 1231 1281 1419 1312; x_wconf 87' lang='lat' dir='ltr'><em>matronae</em></span> <span class='ocrx_word' id='word_1_276' title='bbox 1439 1281 1591 1322; x_wconf 77' lang='lat' dir='ltr'><em>genibus</em></span> <span class='ocrx_word' id='word_1_277' title='bbox 1607 1282 1720 1313; x_wconf 76' lang='lat' dir='ltr'><em>nixae</em></span> <span class='ocrx_word' id='word_1_278' title='bbox 1742 1281 1782 1312; x_wconf 90' lang='lat' dir='ltr'><em>in</em></span> <span class='ocrx_word' id='word_1_279' title='bbox 1797 1289 1871 1312; x_wconf 90' lang='lat' dir='ltr'><em>uno</em></span> <span class='ocrx_word' id='word_1_280' title='bbox 1894 1289 1942 1312; x_wconf 76' lang='lat' dir='ltr'><em>eoe</em></span> 
     </span>
     <span class='ocr_line' id='line_1_21' title="bbox 221 1335 1940 1379; baseline 0.001 -10"><span class='ocrx_word' id='word_1_281' title='bbox 221 1338 375 1369; x_wconf 87' lang='lat' dir='ltr'><em>nummis</em></span> <span class='ocrx_word' id='word_1_282' title='bbox 392 1346 480 1378; x_wconf 83' lang='lat' dir='ltr'><em>quos</em></span> <span class='ocrx_word' id='word_1_283' title='bbox 497 1347 530 1370; x_wconf 92' lang='lat' dir='ltr'><em>a.</em></span> <span class='ocrx_word' id='word_1_284' title='bbox 543 1345 579 1369; x_wconf 94' lang='lat' dir='ltr'><em>u.</em></span> <span class='ocrx_word' id='word_1_285' title='bbox 595 1346 623 1369; x_wconf 89' lang='lat' dir='ltr'><em>c.</em></span> <span class='ocrx_word' id='word_1_286' title='bbox 636 1336 711 1378; x_wconf 83' lang='grc'><strong><em>844,</em></strong></span> <span class='ocrx_word' id='word_1_287' title='bbox 726 1347 761 1379; x_wconf 90' lang='lat' dir='ltr'><em>p.</em></span> <span class='ocrx_word' id='word_1_288' title='bbox 778 1335 859 1369; x_wconf 78' lang='lat' dir='ltr'><em>Chr.</em></span> <span class='ocrx_word' id='word_1_289' title='bbox 871 1337 917 1370; x_wconf 92' lang='lat'><em>88</em></span> <span class='ocrx_word' id='word_1_290' title='bbox 933 1346 1014 1368; x_wconf 82' lang='lat' dir='ltr'><em>cum</em></span> <span class='ocrx_word' id='word_1_291' title='bbox 1025 1336 1229 1369; x_wconf 82' lang='lat' dir='ltr'><em>saecularia</em></span> <span class='ocrx_word' id='word_1_292' title='bbox 1247 1336 1366 1369; x_wconf 85' lang='lat' dir='ltr'><em>ederet</em></span> <span class='ocrx_word' id='word_1_293' title='bbox 1376 1336 1607 1370; x_wconf 84' lang='lat' dir='ltr'><em>Domitianus</em></span> <span class='ocrx_word' id='word_1_294' title='bbox 1622 1338 1814 1369; x_wconf 84' lang='lat' dir='ltr'><em>memoriae</em></span> <span class='ocrx_word' id='word_1_295' title='bbox 1831 1345 1940 1370; x_wconf 82' lang='lat' dir='ltr'><em>causa</em></span> 
     </span>
     <span class='ocr_line' id='line_1_22' title="bbox 222 1391 1940 1436; baseline -0.001 -10"><span class='ocrx_word' id='word_1_296' title='bbox 222 1393 306 1426; x_wconf 89' lang='lat' dir='ltr'><em>cudi</em></span> <span class='ocrx_word' id='word_1_297' title='bbox 322 1394 440 1435; x_wconf 83' lang='lat' dir='ltr'><em>iussit,</em></span> <span class='ocrx_word' id='word_1_298' title='bbox 462 1391 509 1431; x_wconf 82' lang='lat' dir='ltr'><em>cf.</em></span> <span class='ocrx_word' id='word_1_299' title='bbox 523 1392 668 1425; x_wconf 87' lang='lat' dir='ltr'><em>Dressel</em></span> <span class='ocrx_word' id='word_1_300' title='bbox 682 1394 758 1435; x_wconf 77' lang='lat' dir='ltr'><em>eph.</em></span> <span class='ocrx_word' id='word_1_301' title='bbox 773 1404 826 1436; x_wconf 91' lang='lat' dir='ltr'><em>ep.</em></span> <span class='ocrx_word' id='word_1_302' title='bbox 842 1394 865 1426; x_wconf 89' lang='lat'><strong><em>8</em></strong></span> <span class='ocrx_word' id='word_1_303' title='bbox 878 1403 915 1436; x_wconf 89' lang='lat' dir='ltr'><em>p.</em></span> <span class='ocrx_word' id='word_1_304' title='bbox 927 1393 993 1427; x_wconf 93' lang='grc'><em>745</em></span> <span class='ocrx_word' id='word_1_305' title='bbox 1009 1403 1045 1426; x_wconf 93' lang='lat' dir='ltr'><em>n.</em></span> <span class='ocrx_word' id='word_1_306' title='bbox 1057 1394 1081 1426; x_wconf 92' lang='lat'><strong><em>8</em></strong></span> <span class='ocrx_word' id='word_1_307' title='bbox 1097 1403 1177 1425; x_wconf 89' lang='lat' dir='ltr'><em>cum</em></span> <span class='ocrx_word' id='word_1_308' title='bbox 1193 1394 1354 1435; x_wconf 83' lang='lat' dir='ltr'><em>imagine</em></span> <span class='ocrx_word' id='word_1_309' title='bbox 1371 1394 1441 1427; x_wconf 86' lang='lat' dir='ltr'><em>tab.</em></span> <span class='ocrx_word' id='word_1_310' title='bbox 1455 1393 1477 1426; x_wconf 94' lang='lat' dir='ltr'><em>I</em></span> <span class='ocrx_word' id='word_1_311' title='bbox 1487 1393 1550 1436; x_wconf 77' lang='lat' dir='ltr'><em>fig.</em></span> <span class='ocrx_word' id='word_1_312' title='bbox 1559 1394 1593 1427; x_wconf 93' lang='lat'><em>8.</em></span> <span class='ocrx_word' id='word_1_313' title='bbox 1605 1412 1651 1417; x_wconf 92' lang='lat'><strong>—</strong></span> <span class='ocrx_word' id='word_1_314' title='bbox 1672 1393 1730 1434; x_wconf 87' lang='lat'>34)</span> <span class='ocrx_word' id='word_1_315' title='bbox 1748 1392 1844 1426; x_wconf 82' lang='lat' dir='ltr'><em>Haec</em></span> <span class='ocrx_word' id='word_1_316' title='bbox 1857 1402 1940 1435; x_wconf 88' lang='lat' dir='ltr'><em>sup-</em></span> 
     </span>
     <span class='ocr_line' id='line_1_23' title="bbox 216 1448 1940 1493; baseline 0 -11"><span class='ocrx_word' id='word_1_317' title='bbox 216 1449 315 1492; x_wconf 89' lang='lat' dir='ltr'><em>pleta</em></span> <span class='ocrx_word' id='word_1_318' title='bbox 329 1460 376 1482; x_wconf 77' lang='lat' dir='ltr'><em>ea:</em></span> <span class='ocrx_word' id='word_1_319' title='bbox 388 1450 479 1482; x_wconf 90' lang='lat' dir='ltr'><em>actis</em></span> <span class='ocrx_word' id='word_1_320' title='bbox 492 1448 697 1482; x_wconf 85' lang='lat' dir='ltr'><em>Severianis</em></span> <span class='ocrx_word' id='word_1_321' title='bbox 711 1448 775 1492; x_wconf 78' lang='lat' dir='ltr'><em>(cf.</em></span> <span class='ocrx_word' id='word_1_322' title='bbox 788 1453 861 1483; x_wconf 86' lang='lat' dir='ltr'><em>not.</em></span> <span class='ocrx_word' id='word_1_323' title='bbox 873 1449 948 1493; x_wconf 83' lang='grc'><em>50).</em></span> <span class='ocrx_word' id='word_1_324' title='bbox 964 1468 1011 1474; x_wconf 89' lang='grc'><strong>-</strong></span> <span class='ocrx_word' id='word_1_325' title='bbox 1027 1450 1084 1492; x_wconf 86' lang='grc'><em>35)</em></span> <span class='ocrx_word' id='word_1_326' title='bbox 1101 1449 1188 1482; x_wconf 91' lang='lat' dir='ltr'><em>Inde</em></span> <span class='ocrx_word' id='word_1_327' title='bbox 1201 1449 1298 1492; x_wconf 82' lang='lat' dir='ltr'><em>quod</em></span> <span class='ocrx_word' id='word_1_328' title='bbox 1306 1451 1424 1492; x_wconf 87' lang='lat' dir='ltr'><em>primo</em></span> <span class='ocrx_word' id='word_1_329' title='bbox 1439 1449 1516 1483; x_wconf 93' lang='lat' dir='ltr'><em>loco</em></span> <span class='ocrx_word' id='word_1_330' title='bbox 1529 1451 1685 1492; x_wconf 80' lang='lat' dir='ltr'><em>ponitur</em></span> <span class='ocrx_word' id='word_1_331' title='bbox 1696 1449 1940 1492; x_wconf 74' lang='lat' dir='ltr'><em>MAgrippae</em></span> 
     </span>
     <span class='ocr_line' id='line_1_24' title="bbox 221 1504 1940 1550; baseline 0 -12"><span class='ocrx_word' id='word_1_332' title='bbox 221 1515 359 1547; x_wconf 90' lang='lat' dir='ltr'><em>nomen,</em></span> <span class='ocrx_word' id='word_1_333' title='bbox 383 1509 534 1548; x_wconf 90' lang='lat' dir='ltr'><em>apparet</em></span> <span class='ocrx_word' id='word_1_334' title='bbox 560 1504 745 1539; x_wconf 89' lang='lat' dir='ltr'><em>Caesarem</em></span> <span class='ocrx_word' id='word_1_335' title='bbox 770 1507 908 1540; x_wconf 86' lang='lat' dir='ltr'><em>abiisse.</em></span> <span class='ocrx_word' id='word_1_336' title='bbox 933 1525 977 1531; x_wconf 92' lang='lat'>—</span> <span class='ocrx_word' id='word_1_337' title='bbox 1003 1507 1059 1548; x_wconf 86' lang='lat'><em>36)</em></span> <span class='ocrx_word' id='word_1_338' title='bbox 1085 1504 1139 1545; x_wconf 81' lang='lat' dir='ltr'><em>Cf.</em></span> <span class='ocrx_word' id='word_1_339' title='bbox 1163 1517 1194 1539; x_wconf 90' lang='lat' dir='ltr'><em>v.</em></span> <span class='ocrx_word' id='word_1_340' title='bbox 1212 1506 1277 1539; x_wconf 86' lang='grc'><em>498</em></span> <span class='ocrx_word' id='word_1_341' title='bbox 1290 1517 1361 1549; x_wconf 87' lang='lat' dir='ltr'><em>seq.</em></span> <span class='ocrx_word' id='word_1_342' title='bbox 1388 1505 1524 1549; x_wconf 89' lang='lat' dir='ltr'><em>(lapide</em></span> <span class='ocrx_word' id='word_1_343' title='bbox 1546 1504 1666 1545; x_wconf 77' lang='lat' dir='ltr'><em>fracto</em></span> <span class='ocrx_word' id='word_1_344' title='bbox 1691 1517 1764 1540; x_wconf 88' lang='lat' dir='ltr'><em>non</em></span> <span class='ocrx_word' id='word_1_345' title='bbox 1786 1509 1940 1550; x_wconf 85' lang='lat' dir='ltr'><em>apparet</em></span> 
     </span>
     <span class='ocr_line' id='line_1_25' title="bbox 221 1562 1938 1606; baseline -0.001 -9"><span class='ocrx_word' id='word_1_346' title='bbox 221 1573 307 1597; x_wconf 90' lang='lat' dir='ltr'><em>num</em></span> <span class='ocrx_word' id='word_1_347' title='bbox 323 1564 432 1595; x_wconf 86' lang='lat' dir='ltr'><em>verba</em></span> <span class='ocrx_word' id='word_1_348' title='bbox 448 1564 595 1604; x_wconf 84' lang='lat' dir='ltr'><em>integra</em></span> <span class='ocrx_word' id='word_1_349' title='bbox 612 1564 713 1604; x_wconf 86' lang='lat' dir='ltr'><em>sint).</em></span> <span class='ocrx_word' id='word_1_350' title='bbox 729 1582 775 1587; x_wconf 98' lang='lat'><strong>—</strong></span> <span class='ocrx_word' id='word_1_351' title='bbox 801 1563 857 1605; x_wconf 83' lang='lat'><em>37)</em></span> <span class='ocrx_word' id='word_1_352' title='bbox 880 1563 939 1597; x_wconf 90' lang='lat' dir='ltr'><em>Ad</em></span> <span class='ocrx_word' id='word_1_353' title='bbox 954 1565 1101 1596; x_wconf 84' lang='lat' dir='ltr'><em>tertium</em></span> <span class='ocrx_word' id='word_1_354' title='bbox 1125 1564 1191 1596; x_wconf 82' lang='lat' dir='ltr'><em>hoc</em></span> <span class='ocrx_word' id='word_1_355' title='bbox 1214 1565 1432 1596; x_wconf 88' lang='lat' dir='ltr'><em>nocturnum</em></span> <span class='ocrx_word' id='word_1_356' title='bbox 1453 1562 1675 1603; x_wconf 76' lang='lat' dir='ltr'><em>sacrificium</em></span> <span class='ocrx_word' id='word_1_357' title='bbox 1695 1562 1826 1596; x_wconf 85' lang='lat' dir='ltr'><em>Terrae</em></span> <span class='ocrx_word' id='word_1_358' title='bbox 1841 1573 1938 1606; x_wconf 83' lang='lat' dir='ltr'><em>spec-</em></span> 
     </span>
     <span class='ocr_line' id='line_1_26' title="bbox 221 1611 1937 1664; baseline 0.001 -12"><span class='ocrx_word' id='word_1_359' title='bbox 221 1622 302 1653; x_wconf 91' lang='lat' dir='ltr'><em>tant</em></span> <span class='ocrx_word' id='word_1_360' title='bbox 325 1629 417 1662; x_wconf 84' lang='lat' dir='ltr'><em>quae</em></span> <span class='ocrx_word' id='word_1_361' title='bbox 431 1621 471 1652; x_wconf 90' lang='lat' dir='ltr'><em>in</em></span> <span class='ocrx_word' id='word_1_362' title='bbox 489 1620 649 1652; x_wconf 85' lang='lat' dir='ltr'><em>carmine</em></span> <span class='ocrx_word' id='word_1_363' title='bbox 666 1619 826 1664; x_wconf 76' lang='lat' dir='ltr'><em>Sibyllae</em></span> <span class='ocrx_word' id='word_1_364' title='bbox 848 1621 1114 1662; x_wconf 85' lang='lat' dir='ltr'><em>subsequuntur</em></span> <span class='ocrx_word' id='word_1_365' title='bbox 1135 1623 1367 1663; x_wconf 88' lang='lat' dir='ltr'><em>praeceptum</em></span> <span class='ocrx_word' id='word_1_366' title='bbox 1391 1619 1434 1652; x_wconf 87' lang='lat' dir='ltr'><em>de</em></span> <span class='ocrx_word' id='word_1_367' title='bbox 1449 1630 1553 1653; x_wconf 91' lang='lat' dir='ltr'><em>sacro</em></span> <span class='ocrx_word' id='word_1_368' title='bbox 1570 1620 1824 1663; x_wconf 79' lang='lat' dir='ltr'><em>Ilithyiarum:</em></span> <span class='ocrx_word' id='word_1_369' title='bbox 1846 1611 1937 1655; x_wconf 69' lang='grc' dir='ltr'><em>αὖθι</em></span> 
     </span>
     <span class='ocr_line' id='line_1_27' title="bbox 221 1669 1939 1722; baseline -0.002 -10"><span class='ocrx_word' id='word_1_370' title='bbox 221 1674 260 1713; x_wconf 81' lang='grc' dir='ltr'><em>δὲ</em></span> <span class='ocrx_word' id='word_1_371' title='bbox 272 1675 372 1720; x_wconf 77' lang='grc' dir='ltr'><strong><em>Γαίῃ</em></strong></span> <span class='ocrx_word' id='word_1_372' title='bbox 388 1674 610 1722; x_wconf 81' lang='grc' dir='ltr'><strong><em>πληθομένη</em></strong></span> <span class='ocrx_word' id='word_1_373' title='bbox 623 1676 773 1722; x_wconf 80' lang='grc' dir='ltr'><strong><em>χοίροις</em></strong></span> <span class='ocrx_word' id='word_1_374' title='bbox 788 1669 831 1719; x_wconf 81' lang='grc' dir='ltr'><em>ὗς</em></span> <span class='ocrx_word' id='word_1_375' title='bbox 844 1676 884 1721; x_wconf 91' lang='lat' dir='ltr'><em>(i.</em></span> <span class='ocrx_word' id='word_1_376' title='bbox 894 1687 922 1709; x_wconf 87' lang='lat' dir='ltr'><em>e.</em></span> <span class='ocrx_word' id='word_1_377' title='bbox 936 1687 997 1709; x_wconf 90' lang='lat' dir='ltr'><em>sus</em></span> <span class='ocrx_word' id='word_1_378' title='bbox 1004 1677 1162 1719; x_wconf 80' lang='lat' dir='ltr'><em>gravida</em></span> <span class='ocrx_word' id='word_1_379' title='bbox 1175 1679 1250 1710; x_wconf 85' lang='lat' dir='ltr'><em>sive</em></span> <span class='ocrx_word' id='word_1_380' title='bbox 1256 1676 1383 1720; x_wconf 87' lang='lat' dir='ltr'><em>plena)</em></span> <span class='ocrx_word' id='word_1_381' title='bbox 1399 1672 1565 1721; x_wconf 75' lang='grc' dir='ltr'><strong><em>ἲρεύοιτο</em></strong></span> <span class='ocrx_word' id='word_1_382' title='bbox 1578 1674 1750 1720; x_wconf 83' lang='grc' dir='ltr'><strong><em>μέλαινα.</em></strong></span> <span class='ocrx_word' id='word_1_383' title='bbox 1774 1676 1939 1710; x_wconf 85' lang='lat' dir='ltr'><em>Zosimus</em></span> 
     </span>
     <span class='ocr_line' id='line_1_28' title="bbox 219 1732 1938 1780; baseline 0 -14"><span class='ocrx_word' id='word_1_384' title='bbox 219 1733 353 1766; x_wconf 90' lang='lat' dir='ltr'><em>Moeris</em></span> <span class='ocrx_word' id='word_1_385' title='bbox 370 1736 404 1765; x_wconf 92' lang='lat' dir='ltr'><em>et</em></span> <span class='ocrx_word' id='word_1_386' title='bbox 419 1732 592 1776; x_wconf 74' lang='lat' dir='ltr'><em>Ilithyiis,</em></span> <span class='ocrx_word' id='word_1_387' title='bbox 617 1733 744 1766; x_wconf 88' lang='lat' dir='ltr'><em>deinde</em></span> <span class='ocrx_word' id='word_1_388' title='bbox 760 1734 929 1780; x_wconf 81' lang='grc' dir='ltr'><strong><em>Δημητρὶ</em></strong></span> <span class='ocrx_word' id='word_1_389' title='bbox 951 1733 1202 1775; x_wconf 75' lang='lat' dir='ltr'><em>sacrificatum</em></span> <span class='ocrx_word' id='word_1_390' title='bbox 1227 1744 1299 1766; x_wconf 87' lang='lat' dir='ltr'><em>esse</em></span> <span class='ocrx_word' id='word_1_391' title='bbox 1321 1736 1463 1766; x_wconf 91' lang='lat' dir='ltr'><em>narrat.</em></span> <span class='ocrx_word' id='word_1_392' title='bbox 1504 1733 1591 1765; x_wconf 86' lang='lat' dir='ltr'><em>Item</em></span> <span class='ocrx_word' id='word_1_393' title='bbox 1608 1733 1651 1765; x_wconf 92' lang='lat' dir='ltr'><em>de</em></span> <span class='ocrx_word' id='word_1_394' title='bbox 1667 1733 1735 1766; x_wconf 77' lang='lat' dir='ltr'><em>hac</em></span> <span class='ocrx_word' id='word_1_395' title='bbox 1750 1742 1938 1766; x_wconf 81' lang='lat' dir='ltr'><em>sacrorum</em></span> 
     </span>
     <span class='ocr_line' id='line_1_29' title="bbox 219 1788 1939 1834; baseline -0.001 -11"><span class='ocrx_word' id='word_1_396' title='bbox 219 1792 324 1833; x_wconf 84' lang='lat' dir='ltr'><em>parte</em></span> <span class='ocrx_word' id='word_1_397' title='bbox 341 1790 518 1832; x_wconf 83' lang='lat' dir='ltr'><em>cogitavit</em></span> <span class='ocrx_word' id='word_1_398' title='bbox 532 1789 709 1823; x_wconf 90' lang='lat' dir='ltr'><em>Horatius</em></span> <span class='ocrx_word' id='word_1_399' title='bbox 724 1800 835 1823; x_wconf 89' lang='lat' dir='ltr'><em>carm.</em></span> <span class='ocrx_word' id='word_1_400' title='bbox 851 1800 942 1823; x_wconf 87' lang='lat' dir='ltr'><em>saec.</em></span> <span class='ocrx_word' id='word_1_401' title='bbox 959 1800 989 1824; x_wconf 89' lang='lat' dir='ltr'><em>v.</em></span> <span class='ocrx_word' id='word_1_402' title='bbox 1006 1791 1052 1823; x_wconf 91' lang='grc'><strong><em>29</em></strong></span> <span class='ocrx_word' id='word_1_403' title='bbox 1065 1801 1155 1833; x_wconf 85' lang='lat' dir='ltr'><em>seq.:</em></span> <span class='ocrx_word' id='word_1_404' title='bbox 1178 1790 1315 1831; x_wconf 77' lang='lat' dir='ltr'><em>fertilis</em></span> <span class='ocrx_word' id='word_1_405' title='bbox 1331 1788 1484 1832; x_wconf 79' lang='lat' dir='ltr'><em>frugum</em></span> <span class='ocrx_word' id='word_1_406' title='bbox 1505 1791 1714 1832; x_wconf 83' lang='lat' dir='ltr'><em>pecorisque</em></span> <span class='ocrx_word' id='word_1_407' title='bbox 1733 1788 1851 1823; x_wconf 86' lang='lat' dir='ltr'><em>Tellus</em></span> <span class='ocrx_word' id='word_1_408' title='bbox 1865 1791 1939 1834; x_wconf 81' lang='lat' dir='ltr'><em>spi-</em></span> 
     </span>
     <span class='ocr_line' id='line_1_30' title="bbox 221 1845 1937 1892; baseline 0.001 -13"><span class='ocrx_word' id='word_1_409' title='bbox 221 1857 282 1879; x_wconf 90' lang='lat' dir='ltr'><em>cea</em></span> <span class='ocrx_word' id='word_1_410' title='bbox 299 1847 407 1880; x_wconf 90' lang='lat' dir='ltr'><em>donet</em></span> <span class='ocrx_word' id='word_1_411' title='bbox 425 1846 585 1880; x_wconf 89' lang='lat' dir='ltr'><em>Cererem</em></span> <span class='ocrx_word' id='word_1_412' title='bbox 603 1856 748 1879; x_wconf 87' lang='lat' dir='ltr'><em>corona.</em></span> <span class='ocrx_word' id='word_1_413' title='bbox 765 1864 811 1872; x_wconf 90' lang='lat'>—</span> <span class='ocrx_word' id='word_1_414' title='bbox 835 1848 892 1889; x_wconf 87' lang='lat'><em>38)</em></span> <span class='ocrx_word' id='word_1_415' title='bbox 915 1847 969 1879; x_wconf 89' lang='lat' dir='ltr'><em>De</em></span> <span class='ocrx_word' id='word_1_416' title='bbox 985 1857 1049 1880; x_wconf 87' lang='lat' dir='ltr'><em>sue</em></span> <span class='ocrx_word' id='word_1_417' title='bbox 1060 1848 1170 1890; x_wconf 89' lang='lat' dir='ltr'><em>plena</em></span> <span class='ocrx_word' id='word_1_418' title='bbox 1195 1845 1242 1886; x_wconf 56' lang='lat' dir='ltr'><em>cs:</em></span> <span class='ocrx_word' id='word_1_419' title='bbox 1260 1850 1333 1881; x_wconf 89' lang='lat' dir='ltr'><em>not.</em></span> <span class='ocrx_word' id='word_1_420' title='bbox 1349 1846 1406 1881; x_wconf 88' lang='grc'><em>57.</em></span> <span class='ocrx_word' id='word_1_421' title='bbox 1422 1864 1468 1870; x_wconf 89' lang='lat'><em>—-</em></span> <span class='ocrx_word' id='word_1_422' title='bbox 1492 1847 1549 1887; x_wconf 83' lang='lat'><em>39)</em></span> <span class='ocrx_word' id='word_1_423' title='bbox 1576 1845 1695 1880; x_wconf 83' lang='lat' dir='ltr'><em>Tertio</em></span> <span class='ocrx_word' id='word_1_424' title='bbox 1713 1847 1769 1880; x_wconf 88' lang='lat' dir='ltr'><em>die</em></span> <span class='ocrx_word' id='word_1_425' title='bbox 1785 1845 1827 1892; x_wconf 88' lang='grc'><em>(5</em></span> <span class='ocrx_word' id='word_1_426' title='bbox 1838 1846 1937 1890; x_wconf 83' lang='lat' dir='ltr'><em>Iun.)</em></span> 
     </span>
     <span class='ocr_line' id='line_1_31' title="bbox 218 1903 1938 1948; baseline 0 -11"><span class='ocrx_word' id='word_1_427' title='bbox 218 1903 496 1944; x_wconf 78' lang='lat' dir='ltr'><em>sacrificabatur</em></span> <span class='ocrx_word' id='word_1_428' title='bbox 518 1903 681 1946; x_wconf 87' lang='lat' dir='ltr'><em>Apollini</em></span> <span class='ocrx_word' id='word_1_429' title='bbox 712 1906 747 1936; x_wconf 89' lang='lat' dir='ltr'><em>et</em></span> <span class='ocrx_word' id='word_1_430' title='bbox 774 1904 928 1939; x_wconf 86' lang='lat' dir='ltr'><em>Dianae.</em></span> <span class='ocrx_word' id='word_1_431' title='bbox 975 1904 1157 1947; x_wconf 86' lang='lat' dir='ltr'><em>Apollinis</em></span> <span class='ocrx_word' id='word_1_432' title='bbox 1189 1907 1327 1937; x_wconf 88' lang='lat' dir='ltr'><em>tantum</em></span> <span class='ocrx_word' id='word_1_433' title='bbox 1358 1914 1504 1937; x_wconf 88' lang='lat' dir='ltr'><em>sacrum</em></span> <span class='ocrx_word' id='word_1_434' title='bbox 1533 1906 1769 1946; x_wconf 84' lang='lat' dir='ltr'><em>praeceperat</em></span> <span class='ocrx_word' id='word_1_435' title='bbox 1797 1903 1938 1948; x_wconf 77' lang='lat' dir='ltr'><em>Sibylla</em></span> 
     </span>
     <span class='ocr_line' id='line_1_32' title="bbox 220 1953 1938 2007; baseline 0.002 -14"><span class='ocrx_word' id='word_1_436' title='bbox 220 1971 250 1995; x_wconf 88' lang='lat' dir='ltr'><em>v.</em></span> <span class='ocrx_word' id='word_1_437' title='bbox 264 1961 304 1994; x_wconf 86' lang='grc'><em>46</em></span> <span class='ocrx_word' id='word_1_438' title='bbox 313 1971 405 2002; x_wconf 85' lang='lat' dir='ltr'><em>seq.:</em></span> <span class='ocrx_word' id='word_1_439' title='bbox 429 1961 494 1995; x_wconf 82' lang='grc' dir='ltr'><em>καὶ</em></span> <span class='ocrx_word' id='word_1_440' title='bbox 512 1961 661 2006; x_wconf 81' lang='grc' dir='ltr'><em>Φοῖβος</em></span> <span class='ocrx_word' id='word_1_441' title='bbox 676 1954 882 2003; x_wconf 79' lang='grc' dir='ltr'><strong><em>Ἀπόλλων,</em></strong></span> <span class='ocrx_word' id='word_1_442' title='bbox 908 1953 1000 1997; x_wconf 74' lang='grc' dir='ltr'><strong><em>ὅστε</em></strong></span> <span class='ocrx_word' id='word_1_443' title='bbox 1015 1962 1082 1997; x_wconf 82' lang='grc' dir='ltr'><em>καὶ</em></span> <span class='ocrx_word' id='word_1_444' title='bbox 1097 1956 1222 2007; x_wconf 83' lang='grc' dir='ltr'><strong><em>η’έλιος</em></strong></span> <span class='ocrx_word' id='word_1_445' title='bbox 1237 1956 1493 2006; x_wconf 79' lang='grc' dir='ltr'><strong><em>κικλήσκεται,</em></strong></span> <span class='ocrx_word' id='word_1_446' title='bbox 1518 1955 1581 1997; x_wconf 85' lang='grc' dir='ltr'><em>ἶσα</em></span> <span class='ocrx_word' id='word_1_447' title='bbox 1598 1958 1766 2006; x_wconf 72' lang='grc' dir='ltr'><strong><em>δεδέχθω</em></strong></span> <span class='ocrx_word' id='word_1_448' title='bbox 1782 1956 1938 2004; x_wconf 78' lang='grc' dir='ltr'><strong><em>θύματα</em></strong></span> 
     </span>
     <span class='ocr_line' id='line_1_33' title="bbox 219 2012 1938 2064; baseline -0.002 -10"><span class='ocrx_word' id='word_1_449' title='bbox 219 2015 405 2064; x_wconf 80' lang='grc' dir='ltr'><em>Λητοίὃης</em></span> <span class='ocrx_word' id='word_1_450' title='bbox 431 2016 503 2060; x_wconf 86' lang='lat' dir='ltr'><em>(vel</em></span> <span class='ocrx_word' id='word_1_451' title='bbox 519 2019 644 2060; x_wconf 85' lang='lat' dir='ltr'><em>potius</em></span> <span class='ocrx_word' id='word_1_452' title='bbox 668 2012 812 2062; x_wconf 78' lang='grc' dir='ltr'><strong><em>θύματ’</em></strong></span> <span class='ocrx_word' id='word_1_453' title='bbox 836 2012 1082 2064; x_wconf 73' lang='grc' dir='ltr'><strong><em>Ἐλειθύῃσιν,</em></strong></span> <span class='ocrx_word' id='word_1_454' title='bbox 1111 2021 1154 2050; x_wconf 88' lang='lat' dir='ltr'><em>ut</em></span> <span class='ocrx_word' id='word_1_455' title='bbox 1176 2018 1378 2051; x_wconf 82' lang='lat' dir='ltr'><em>emendavit</em></span> <span class='ocrx_word' id='word_1_456' title='bbox 1406 2017 1647 2052; x_wconf 84' lang='lat' dir='ltr'><em>Wilamowitz</em></span> <span class='ocrx_word' id='word_1_457' title='bbox 1671 2028 1729 2060; x_wconf 87' lang='lat' dir='ltr'><em>ap.</em></span> <span class='ocrx_word' id='word_1_458' title='bbox 1753 2017 1938 2050; x_wconf 85' lang='lat' dir='ltr'><em>Mommse-</em></span> 
     </span>
     <span class='ocr_line' id='line_1_34' title="bbox 219 2072 1936 2119; baseline -0.001 -11"><span class='ocrx_word' id='word_1_459' title='bbox 219 2085 305 2108; x_wconf 89' lang='lat' dir='ltr'><em>num</em></span> <span class='ocrx_word' id='word_1_460' title='bbox 325 2074 344 2107; x_wconf 93' lang='lat' dir='ltr'><em>l.</em></span> <span class='ocrx_word' id='word_1_461' title='bbox 360 2085 389 2107; x_wconf 91' lang='lat' dir='ltr'><em>c.</em></span> <span class='ocrx_word' id='word_1_462' title='bbox 403 2084 438 2117; x_wconf 91' lang='lat' dir='ltr'><em>p.</em></span> <span class='ocrx_word' id='word_1_463' title='bbox 452 2075 524 2108; x_wconf 88' lang='grc'><em>265</em></span> <span class='ocrx_word' id='word_1_464' title='bbox 540 2072 588 2114; x_wconf 78' lang='lat' dir='ltr'><em>cs&#39;.</em></span> <span class='ocrx_word' id='word_1_465' title='bbox 607 2074 725 2107; x_wconf 88' lang='lat' dir='ltr'><em>Herm.</em></span> <span class='ocrx_word' id='word_1_466' title='bbox 741 2074 798 2117; x_wconf 89' lang='grc'><em>27,</em></span> <span class='ocrx_word' id='word_1_467' title='bbox 813 2074 903 2119; x_wconf 79' lang='grc'><em>649).</em></span> <span class='ocrx_word' id='word_1_468' title='bbox 927 2094 974 2101; x_wconf 87' lang='lat'><em>-</em></span> <span class='ocrx_word' id='word_1_469' title='bbox 997 2076 1054 2117; x_wconf 89' lang='lat'>40)</span> <span class='ocrx_word' id='word_1_470' title='bbox 1079 2075 1244 2118; x_wconf 87' lang='lat' dir='ltr'><em>Apparet</em></span> <span class='ocrx_word' id='word_1_471' title='bbox 1259 2074 1424 2117; x_wconf 89' lang='lat' dir='ltr'><em>Apollini</em></span> <span class='ocrx_word' id='word_1_472' title='bbox 1441 2074 1542 2118; x_wconf 81' lang='lat' dir='ltr'><em>(item</em></span> <span class='ocrx_word' id='word_1_473' title='bbox 1557 2074 1715 2118; x_wconf 87' lang='lat' dir='ltr'><em>Dianae)</em></span> <span class='ocrx_word' id='word_1_474' title='bbox 1739 2084 1814 2108; x_wconf 88' lang='lat' dir='ltr'><em>non</em></span> <span class='ocrx_word' id='word_1_475' title='bbox 1835 2075 1936 2108; x_wconf 83' lang='lat' dir='ltr'><em>victi-</em></span> 
     </span>
     <span class='ocr_line' id='line_1_35' title="bbox 218 2130 1937 2175; baseline 0 -11"><span class='ocrx_word' id='word_1_476' title='bbox 218 2141 296 2164; x_wconf 89' lang='lat' dir='ltr'><em>mas</em></span> <span class='ocrx_word' id='word_1_477' title='bbox 319 2131 522 2163; x_wconf 86' lang='lat' dir='ltr'><em>immolatas</em></span> <span class='ocrx_word' id='word_1_478' title='bbox 545 2142 618 2164; x_wconf 86' lang='lat' dir='ltr'><em>esse</em></span> <span class='ocrx_word' id='word_1_479' title='bbox 641 2131 704 2164; x_wconf 85' lang='lat' dir='ltr'><em>sed</em></span> <span class='ocrx_word' id='word_1_480' title='bbox 723 2131 910 2174; x_wconf 84' lang='lat' dir='ltr'><em>placentas</em></span> <span class='ocrx_word' id='word_1_481' title='bbox 935 2132 1075 2165; x_wconf 92' lang='lat' dir='ltr'><em>oblatas</em></span> <span class='ocrx_word' id='word_1_482' title='bbox 1095 2132 1204 2175; x_wconf 91' lang='lat' dir='ltr'><em>plane</em></span> <span class='ocrx_word' id='word_1_483' title='bbox 1226 2133 1310 2164; x_wconf 89' lang='lat' dir='ltr'><em>item</em></span> <span class='ocrx_word' id='word_1_484' title='bbox 1333 2135 1374 2165; x_wconf 93' lang='lat' dir='ltr'><em>ut</em></span> <span class='ocrx_word' id='word_1_485' title='bbox 1396 2131 1559 2175; x_wconf 75' lang='lat' dir='ltr'><em>Ilithyiis</em></span> <span class='ocrx_word' id='word_1_486' title='bbox 1583 2131 1696 2175; x_wconf 87' lang='lat' dir='ltr'><em>(unde</em></span> <span class='ocrx_word' id='word_1_487' title='bbox 1710 2135 1805 2165; x_wconf 88' lang='lat' dir='ltr'><em>recte</em></span> <span class='ocrx_word' id='word_1_488' title='bbox 1825 2130 1937 2165; x_wconf 77' lang='lat' dir='ltr'><em>Wla-</em></span> 
     </span>
     <span class='ocr_line' id='line_1_36' title="bbox 219 2187 1936 2232; baseline 0.001 -12"><span class='ocrx_word' id='word_1_489' title='bbox 219 2188 421 2220; x_wconf 84' lang='lat' dir='ltr'><em>mowitzius</em></span> <span class='ocrx_word' id='word_1_490' title='bbox 444 2188 552 2220; x_wconf 88' lang='lat' dir='ltr'><em>verba</em></span> <span class='ocrx_word' id='word_1_491' title='bbox 578 2188 719 2221; x_wconf 87' lang='lat' dir='ltr'><em>oraculi</em></span> <span class='ocrx_word' id='word_1_492' title='bbox 741 2188 951 2230; x_wconf 85' lang='lat' dir='ltr'><em>emendavit,</em></span> <span class='ocrx_word' id='word_1_493' title='bbox 978 2188 1024 2228; x_wconf 66' lang='lat' dir='ltr'><em>cll</em></span> <span class='ocrx_word' id='word_1_494' title='bbox 1041 2192 1113 2222; x_wconf 90' lang='lat' dir='ltr'><em>not.</em></span> <span class='ocrx_word' id='word_1_495' title='bbox 1125 2188 1201 2232; x_wconf 86' lang='grc'><em>59).</em></span> <span class='ocrx_word' id='word_1_496' title='bbox 1217 2206 1263 2213; x_wconf 89' lang='lat'><strong>—</strong></span> <span class='ocrx_word' id='word_1_497' title='bbox 1287 2189 1347 2228; x_wconf 89' lang='lat'><em>41)</em></span> <span class='ocrx_word' id='word_1_498' title='bbox 1370 2188 1466 2222; x_wconf 84' lang='lat' dir='ltr'><em>Haec</em></span> <span class='ocrx_word' id='word_1_499' title='bbox 1481 2190 1534 2221; x_wconf 91' lang='lat' dir='ltr'><em>ita</em></span> <span class='ocrx_word' id='word_1_500' title='bbox 1548 2192 1781 2231; x_wconf 84' lang='lat' dir='ltr'><em>praeceperat</em></span> <span class='ocrx_word' id='word_1_501' title='bbox 1797 2187 1936 2231; x_wconf 77' lang='lat' dir='ltr'><em>Sibylla</em></span> 
     </span>
     <span class='ocr_line' id='line_1_37' title="bbox 219 2237 1937 2291; baseline 0.002 -14"><span class='ocrx_word' id='word_1_502' title='bbox 219 2255 249 2277; x_wconf 88' lang='lat' dir='ltr'><em>v.</em></span> <span class='ocrx_word' id='word_1_503' title='bbox 268 2244 312 2278; x_wconf 91' lang='grc'><em>48</em></span> <span class='ocrx_word' id='word_1_504' title='bbox 323 2255 412 2286; x_wconf 87' lang='lat' dir='ltr'><em>seq.:</em></span> <span class='ocrx_word' id='word_1_505' title='bbox 443 2244 507 2279; x_wconf 81' lang='grc' dir='ltr'><em>καὶ</em></span> <span class='ocrx_word' id='word_1_506' title='bbox 538 2237 757 2288; x_wconf 73' lang='grc' dir='ltr'><strong><em>ἄειδόμενοι</em></strong></span> <span class='ocrx_word' id='word_1_507' title='bbox 780 2257 823 2281; x_wconf 90' lang='grc' dir='ltr'><strong><em>τε</em></strong></span> <span class='ocrx_word' id='word_1_508' title='bbox 846 2248 1011 2282; x_wconf 87' lang='grc' dir='ltr'><strong><em>Λατῖνοι</em></strong></span> <span class='ocrx_word' id='word_1_509' title='bbox 1040 2247 1201 2287; x_wconf 80' lang='grc' dir='ltr'><strong><em>παιᾶνες</em></strong></span> <span class='ocrx_word' id='word_1_510' title='bbox 1229 2241 1388 2291; x_wconf 78' lang='grc' dir='ltr'><strong><em>κούροις</em></strong></span> <span class='ocrx_word' id='word_1_511' title='bbox 1416 2242 1582 2291; x_wconf 82' lang='grc' dir='ltr'><strong><em>κούρῃσί</em></strong></span> <span class='ocrx_word' id='word_1_512' title='bbox 1612 2256 1655 2281; x_wconf 86' lang='grc' dir='ltr'><strong><em>τε</em></strong></span> <span class='ocrx_word' id='word_1_513' title='bbox 1686 2241 1781 2291; x_wconf 88' lang='grc' dir='ltr'><strong><em>νηὸν</em></strong></span> <span class='ocrx_word' id='word_1_514' title='bbox 1810 2239 1937 2290; x_wconf 73' lang='grc' dir='ltr'><strong><em>ἔχοιεν</em></strong></span> 
     </span>
     <span class='ocr_line' id='line_1_38' title="bbox 219 2296 1935 2348; baseline 0 -10"><span class='ocrx_word' id='word_1_515' title='bbox 219 2296 446 2338; x_wconf 72' lang='grc' dir='ltr'><strong><em>ἀθανάτων·</em></strong></span> <span class='ocrx_word' id='word_1_516' title='bbox 472 2301 592 2347; x_wconf 82' lang='grc' dir='ltr'><strong><em>χωρὶς</em></strong></span> <span class='ocrx_word' id='word_1_517' title='bbox 608 2300 648 2337; x_wconf 81' lang='grc' dir='ltr'><em>δὲ</em></span> <span class='ocrx_word' id='word_1_518' title='bbox 668 2298 786 2348; x_wconf 80' lang='grc' dir='ltr'><strong><em>κόραι</em></strong></span> <span class='ocrx_word' id='word_1_519' title='bbox 806 2300 934 2348; x_wconf 83' lang='grc' dir='ltr'><strong><em>χορὸν</em></strong></span> <span class='ocrx_word' id='word_1_520' title='bbox 959 2297 1070 2338; x_wconf 78' lang='grc' dir='ltr'><strong><em>αὐταὶ</em></strong></span> <span class='ocrx_word' id='word_1_521' title='bbox 1094 2298 1220 2347; x_wconf 74' lang='grc' dir='ltr'><strong><em>ἔχοιεν</em></strong></span> <span class='ocrx_word' id='word_1_522' title='bbox 1242 2302 1308 2337; x_wconf 81' lang='grc' dir='ltr'><em>καὶ</em></span> <span class='ocrx_word' id='word_1_523' title='bbox 1329 2303 1448 2347; x_wconf 82' lang='grc' dir='ltr'><strong><em>χωρὶς</em></strong></span> <span class='ocrx_word' id='word_1_524' title='bbox 1472 2301 1622 2338; x_wconf 81' lang='grc' dir='ltr'><strong><em>παίδων</em></strong></span> <span class='ocrx_word' id='word_1_525' title='bbox 1644 2298 1768 2348; x_wconf 72' lang='grc' dir='ltr'><strong><em>ἄρσην</em></strong></span> <span class='ocrx_word' id='word_1_526' title='bbox 1783 2296 1935 2347; x_wconf 79' lang='grc' dir='ltr'><strong><em>στάχυς,</em></strong></span> 
     </span>
     <span class='ocr_line' id='line_1_39' title="bbox 221 2352 1936 2405; baseline -0.001 -13"><span class='ocrx_word' id='word_1_527' title='bbox 221 2352 315 2394; x_wconf 78' lang='grc' dir='ltr'><strong><em>ἄλλα</em></strong></span> <span class='ocrx_word' id='word_1_528' title='bbox 333 2353 486 2403; x_wconf 78' lang='grc' dir='ltr'><strong><em>γονήων</em></strong></span> <span class='ocrx_word' id='word_1_529' title='bbox 509 2357 650 2400; x_wconf 82' lang='grc' dir='ltr'><strong><em>πάντες</em></strong></span> <span class='ocrx_word' id='word_1_530' title='bbox 667 2354 863 2403; x_wconf 82' lang='grc' dir='ltr'><strong><em>ζωόντων,</em></strong></span> <span class='ocrx_word' id='word_1_531' title='bbox 888 2353 946 2401; x_wconf 79' lang='grc' dir='ltr'><em>οἷς</em></span> <span class='ocrx_word' id='word_1_532' title='bbox 969 2353 1189 2405; x_wconf 69' lang='grc' dir='ltr'><strong><em>ἀμφιθαλὴς</em></strong></span> <span class='ocrx_word' id='word_1_533' title='bbox 1212 2355 1267 2396; x_wconf 71' lang='grc' dir='ltr'><em>ἔτι</em></span> <span class='ocrx_word' id='word_1_534' title='bbox 1283 2354 1413 2405; x_wconf 82' lang='grc' dir='ltr'><strong><em>φύτλη.</em></strong></span> <span class='ocrx_word' id='word_1_535' title='bbox 1460 2357 1660 2392; x_wconf 87' lang='lat' dir='ltr'><em>Numerum</em></span> <span class='ocrx_word' id='word_1_536' title='bbox 1678 2367 1877 2401; x_wconf 89' lang='lat' dir='ltr'><em>puerorum</em></span> <span class='ocrx_word' id='word_1_537' title='bbox 1900 2360 1936 2390; x_wconf 88' lang='lat' dir='ltr'><em>et</em></span> 
     </span>
     <span class='ocr_line' id='line_1_40' title="bbox 214 2414 1936 2460; baseline 0 -14"><span class='ocrx_word' id='word_1_538' title='bbox 214 2414 421 2457; x_wconf 85' lang='lat' dir='ltr'><em>puellarum</em></span> <span class='ocrx_word' id='word_1_539' title='bbox 444 2424 519 2447; x_wconf 88' lang='lat' dir='ltr'><em>non</em></span> <span class='ocrx_word' id='word_1_540' title='bbox 543 2415 755 2456; x_wconf 77' lang='lat' dir='ltr'><em>definiverat</em></span> <span class='ocrx_word' id='word_1_541' title='bbox 778 2415 936 2460; x_wconf 86' lang='lat' dir='ltr'><em>Sibylla;</em></span> <span class='ocrx_word' id='word_1_542' title='bbox 972 2417 1077 2449; x_wconf 73' lang='lat' dir='ltr'><em>ltabet</em></span> <span class='ocrx_word' id='word_1_543' title='bbox 1107 2427 1187 2450; x_wconf 91' lang='lat' dir='ltr'><em>eum</em></span> <span class='ocrx_word' id='word_1_544' title='bbox 1217 2426 1406 2450; x_wconf 86' lang='lat' dir='ltr'><em>numerum</em></span> <span class='ocrx_word' id='word_1_545' title='bbox 1434 2415 1602 2449; x_wconf 84' lang='lat' dir='ltr'><em>Zosimus</em></span> <span class='ocrx_word' id='word_1_546' title='bbox 1631 2417 1671 2448; x_wconf 91' lang='lat' dir='ltr'><em>in</em></span> <span class='ocrx_word' id='word_1_547' title='bbox 1701 2415 1936 2447; x_wconf 82' lang='lat' dir='ltr'><em>enarratione</em></span> 
     </span>
     <span class='ocr_line' id='line_1_41' title="bbox 218 2470 1934 2517; baseline 0 -13"><span class='ocrx_word' id='word_1_548' title='bbox 218 2473 325 2505; x_wconf 84' lang='lat' dir='ltr'><em>sacri.</em></span> <span class='ocrx_word' id='word_1_549' title='bbox 365 2489 405 2495; x_wconf 91' lang='lat'><strong>—</strong></span> <span class='ocrx_word' id='word_1_550' title='bbox 443 2473 502 2514; x_wconf 87' lang='lat'>42)</span> <span class='ocrx_word' id='word_1_551' title='bbox 524 2471 718 2505; x_wconf 83' lang='lat' dir='ltr'><em>Mommsen</em></span> <span class='ocrx_word' id='word_1_552' title='bbox 744 2471 796 2515; x_wconf 91' lang='lat' dir='ltr'><em>(p.</em></span> <span class='ocrx_word' id='word_1_553' title='bbox 812 2470 933 2517; x_wconf 76' lang='lat' dir='ltr'><em>256s7)</em></span> <span class='ocrx_word' id='word_1_554' title='bbox 964 2483 1038 2506; x_wconf 89' lang='lat' dir='ltr'><em>non</em></span> <span class='ocrx_word' id='word_1_555' title='bbox 1060 2475 1252 2516; x_wconf 91' lang='lat' dir='ltr'><em>repetitum</em></span> <span class='ocrx_word' id='word_1_556' title='bbox 1282 2484 1354 2505; x_wconf 90' lang='lat' dir='ltr'><em>esse</em></span> <span class='ocrx_word' id='word_1_557' title='bbox 1379 2473 1523 2506; x_wconf 65' lang='lat' dir='ltr'><em>carnien</em></span> <span class='ocrx_word' id='word_1_558' title='bbox 1551 2475 1658 2516; x_wconf 87' lang='lat' dir='ltr'><em>putat</em></span> <span class='ocrx_word' id='word_1_559' title='bbox 1679 2473 1718 2504; x_wconf 90' lang='lat' dir='ltr'><em>in</em></span> <span class='ocrx_word' id='word_1_560' title='bbox 1745 2470 1934 2514; x_wconf 85' lang='lat' dir='ltr'><em>Capitolio,</em></span> 
     </span>
     <span class='ocr_line' id='line_1_42' title="bbox 219 2526 1933 2574; baseline -0.001 -14"><span class='ocrx_word' id='word_1_561' title='bbox 219 2528 281 2560; x_wconf 89' lang='lat' dir='ltr'><em>sed</em></span> <span class='ocrx_word' id='word_1_562' title='bbox 312 2530 494 2561; x_wconf 90' lang='lat' dir='ltr'><em>cantatum</em></span> <span class='ocrx_word' id='word_1_563' title='bbox 519 2539 540 2560; x_wconf 89' lang='lat' dir='ltr'><em>a</em></span> <span class='ocrx_word' id='word_1_564' title='bbox 561 2529 689 2571; x_wconf 90' lang='lat' dir='ltr'><em>pueris</em></span> <span class='ocrx_word' id='word_1_565' title='bbox 718 2529 917 2572; x_wconf 84' lang='lat' dir='ltr'><em>puellisque</em></span> <span class='ocrx_word' id='word_1_566' title='bbox 945 2530 1110 2563; x_wconf 88' lang='lat' dir='ltr'><em>sollemni</em></span> <span class='ocrx_word' id='word_1_567' title='bbox 1138 2540 1269 2574; x_wconf 90' lang='lat' dir='ltr'><em>pompa</em></span> <span class='ocrx_word' id='word_1_568' title='bbox 1299 2541 1346 2563; x_wconf 76' lang='lat' dir='ltr'><em>ea:</em></span> <span class='ocrx_word' id='word_1_569' title='bbox 1369 2530 1508 2562; x_wconf 84' lang='lat' dir='ltr'><em>Palatio</em></span> <span class='ocrx_word' id='word_1_570' title='bbox 1539 2529 1580 2561; x_wconf 86' lang='lat' dir='ltr'><em>in</em></span> <span class='ocrx_word' id='word_1_571' title='bbox 1606 2526 1823 2571; x_wconf 83' lang='lat' dir='ltr'><em>Capitolium</em></span> <span class='ocrx_word' id='word_1_572' title='bbox 1850 2537 1933 2570; x_wconf 90' lang='lat' dir='ltr'><em>per-</em></span> 
     </span>
     <span class='ocr_line' id='line_1_43' title="bbox 216 2584 1936 2630; baseline 0 -14"><span class='ocrx_word' id='word_1_573' title='bbox 216 2586 383 2626; x_wconf 81' lang='lat' dir='ltr'><em>gentibus</em></span> <span class='ocrx_word' id='word_1_574' title='bbox 422 2587 527 2628; x_wconf 87' lang='lat' dir='ltr'><em>atque</em></span> <span class='ocrx_word' id='word_1_575' title='bbox 569 2586 652 2618; x_wconf 90' lang='lat' dir='ltr'><em>inde</em></span> <span class='ocrx_word' id='word_1_576' title='bbox 690 2586 920 2619; x_wconf 82' lang='lat' dir='ltr'><em>redeuntibus</em></span> <span class='ocrx_word' id='word_1_577' title='bbox 968 2587 1016 2619; x_wconf 91' lang='lat' dir='ltr'><em>ad</em></span> <span class='ocrx_word' id='word_1_578' title='bbox 1054 2587 1176 2620; x_wconf 89' lang='lat' dir='ltr'><em>aedem</em></span> <span class='ocrx_word' id='word_1_579' title='bbox 1213 2586 1396 2630; x_wconf 89' lang='lat' dir='ltr'><em>Apollinis</em></span> <span class='ocrx_word' id='word_1_580' title='bbox 1434 2585 1638 2619; x_wconf 83' lang='lat' dir='ltr'><em>Palatinam</em></span> <span class='ocrx_word' id='word_1_581' title='bbox 1684 2584 1936 2628; x_wconf 70' lang='lat' dir='ltr'><em>(contradi-‘eit</em></span> 
     </span>
     <span class='ocr_line' id='line_1_44' title="bbox 221 2640 1933 2687; baseline 0 -14"><span class='ocrx_word' id='word_1_582' title='bbox 221 2640 358 2674; x_wconf 79' lang='lat' dir='ltr'><em>Vahlen</em></span> <span class='ocrx_word' id='word_1_583' title='bbox 396 2641 638 2684; x_wconf 81' lang='lat' dir='ltr'><em>Sitzungsber.</em></span> <span class='ocrx_word' id='word_1_584' title='bbox 675 2642 739 2675; x_wconf 86' lang='lat' dir='ltr'><em>der</em></span> <span class='ocrx_word' id='word_1_585' title='bbox 773 2642 890 2677; x_wconf 77' lang='lat' dir='ltr'><em>Alcad.</em></span> <span class='ocrx_word' id='word_1_586' title='bbox 926 2643 1013 2677; x_wconf 88' lang='grc'><strong><em>4892</em></strong></span> <span class='ocrx_word' id='word_1_587' title='bbox 1049 2654 1083 2686; x_wconf 89' lang='lat' dir='ltr'><em>p.</em></span> <span class='ocrx_word' id='word_1_588' title='bbox 1108 2643 1368 2687; x_wconf 81' lang='grc'><strong><em>4047-4020).</em></strong></span> <span class='ocrx_word' id='word_1_589' title='bbox 1429 2642 1483 2682; x_wconf 83' lang='lat' dir='ltr'><em>Cs&#39;.</em></span> <span class='ocrx_word' id='word_1_590' title='bbox 1523 2641 1700 2676; x_wconf 86' lang='lat' dir='ltr'><em>Wissowa</em></span> <span class='ocrx_word' id='word_1_591' title='bbox 1740 2640 1933 2674; x_wconf 84' lang='lat' dir='ltr'><em>Saecular-</em></span> 
     </span>
     <span class='ocr_line' id='line_1_45' title="bbox 218 2695 1934 2743; baseline 0.001 -15"><span class='ocrx_word' id='word_1_592' title='bbox 218 2695 312 2736; x_wconf 80' lang='lat' dir='ltr'><em>l&#39;eier</em></span> <span class='ocrx_word' id='word_1_593' title='bbox 344 2698 403 2730; x_wconf 86' lang='lat' dir='ltr'><em>des</em></span> <span class='ocrx_word' id='word_1_594' title='bbox 434 2699 621 2740; x_wconf 82' lang='lat' dir='ltr'><em>Augustus</em></span> <span class='ocrx_word' id='word_1_595' title='bbox 652 2697 783 2742; x_wconf 91' lang='lat' dir='ltr'><em>(Marb.</em></span> <span class='ocrx_word' id='word_1_596' title='bbox 809 2700 908 2741; x_wconf 81' lang='grc'><em>4894)</em></span> <span class='ocrx_word' id='word_1_597' title='bbox 940 2710 975 2743; x_wconf 90' lang='lat' dir='ltr'><em>p.</em></span> <span class='ocrx_word' id='word_1_598' title='bbox 999 2700 1047 2734; x_wconf 83' lang='lat'><em>22</em></span> <span class='ocrx_word' id='word_1_599' title='bbox 1078 2703 1152 2736; x_wconf 88' lang='lat' dir='ltr'><em>not.</em></span> <span class='ocrx_word' id='word_1_600' title='bbox 1177 2700 1232 2735; x_wconf 86' lang='grc'><em>45.</em></span> <span class='ocrx_word' id='word_1_601' title='bbox 1268 2718 1314 2725; x_wconf 88' lang='lat'><em>--</em></span> <span class='ocrx_word' id='word_1_602' title='bbox 1349 2700 1407 2741; x_wconf 87' lang='grc'><em>43)</em></span> <span class='ocrx_word' id='word_1_603' title='bbox 1433 2698 1581 2732; x_wconf 89' lang='lat' dir='ltr'><em>Carmen</em></span> <span class='ocrx_word' id='word_1_604' title='bbox 1613 2697 1711 2741; x_wconf 80' lang='lat' dir='ltr'><em>quod</em></span> <span class='ocrx_word' id='word_1_605' title='bbox 1740 2700 1852 2731; x_wconf 77' lang='lat' dir='ltr'><em>eaetat.</em></span> <span class='ocrx_word' id='word_1_606' title='bbox 1887 2715 1934 2722; x_wconf 91' lang='lat'>—</span> 
     </span>
     <span class='ocr_line' id='line_1_46' title="bbox 218 2753 1932 2799; baseline 0 -13"><span class='ocrx_word' id='word_1_607' title='bbox 218 2754 277 2794; x_wconf 88' lang='grc'><em>44)</em></span> <span class='ocrx_word' id='word_1_608' title='bbox 304 2753 458 2787; x_wconf 87' lang='lat' dir='ltr'><em>Videtur</em></span> <span class='ocrx_word' id='word_1_609' title='bbox 482 2766 553 2788; x_wconf 86' lang='lat' dir='ltr'><em>esse</em></span> <span class='ocrx_word' id='word_1_610' title='bbox 578 2754 617 2796; x_wconf 78' lang='lat' dir='ltr'><em>Q.</em></span> <span class='ocrx_word' id='word_1_611' title='bbox 639 2756 814 2789; x_wconf 88' lang='lat' dir='ltr'><em>Aemilius</em></span> <span class='ocrx_word' id='word_1_612' title='bbox 837 2756 994 2799; x_wconf 86' lang='lat' dir='ltr'><em>Lepidus</em></span> <span class='ocrx_word' id='word_1_613' title='bbox 1023 2757 1148 2790; x_wconf 83' lang='lat' dir='ltr'><em>consul</em></span> <span class='ocrx_word' id='word_1_614' title='bbox 1177 2767 1209 2791; x_wconf 82' lang='lat' dir='ltr'><em>a.</em></span> <span class='ocrx_word' id='word_1_615' title='bbox 1226 2757 1305 2792; x_wconf 88' lang='grc'><strong><em>755.</em></strong></span> <span class='ocrx_word' id='word_1_616' title='bbox 1341 2775 1386 2781; x_wconf 92' lang='grc'><strong>-</strong></span> <span class='ocrx_word' id='word_1_617' title='bbox 1421 2756 1479 2797; x_wconf 86' lang='grc'><em>45)</em></span> <span class='ocrx_word' id='word_1_618' title='bbox 1502 2754 1550 2788; x_wconf 88' lang='grc' dir='ltr'><em>Μ.</em></span> <span class='ocrx_word' id='word_1_619' title='bbox 1577 2754 1745 2789; x_wconf 85' lang='lat' dir='ltr'><em>Valerius</em></span> <span class='ocrx_word' id='word_1_620' title='bbox 1767 2753 1932 2787; x_wconf 86' lang='lat' dir='ltr'><em>Messalla</em></span> 
     </span>
     <span class='ocr_line' id='line_1_47' title="bbox 220 2809 1934 2856; baseline 0.001 -14"><span class='ocrx_word' id='word_1_621' title='bbox 220 2811 369 2852; x_wconf 87' lang='lat' dir='ltr'><em>Potitus,</em></span> <span class='ocrx_word' id='word_1_622' title='bbox 398 2812 522 2844; x_wconf 89' lang='lat' dir='ltr'><em>consul</em></span> <span class='ocrx_word' id='word_1_623' title='bbox 553 2816 593 2844; x_wconf 88' lang='lat' dir='ltr'><em>ut</em></span> <span class='ocrx_word' id='word_1_624' title='bbox 615 2813 759 2845; x_wconf 86' lang='lat' dir='ltr'><em>videtur</em></span> <span class='ocrx_word' id='word_1_625' title='bbox 782 2824 815 2846; x_wconf 90' lang='lat' dir='ltr'><em>a.</em></span> <span class='ocrx_word' id='word_1_626' title='bbox 837 2812 906 2846; x_wconf 88' lang='grc'><em>722</em></span> <span class='ocrx_word' id='word_1_627' title='bbox 936 2811 1002 2856; x_wconf 78' lang='lat' dir='ltr'><em>(cf.</em></span> <span class='ocrx_word' id='word_1_628' title='bbox 1027 2814 1241 2856; x_wconf 81' lang='lat' dir='ltr'><em>Prosopogr.</em></span> <span class='ocrx_word' id='word_1_629' title='bbox 1265 2813 1354 2856; x_wconf 88' lang='lat' dir='ltr'><em>Imp.</em></span> <span class='ocrx_word' id='word_1_630' title='bbox 1379 2811 1477 2846; x_wconf 83' lang='lat' dir='ltr'><em>Rom.</em></span> <span class='ocrx_word' id='word_1_631' title='bbox 1501 2822 1528 2845; x_wconf 84' lang='lat' dir='ltr'><em>s.</em></span> <span class='ocrx_word' id='word_1_632' title='bbox 1552 2814 1614 2853; x_wconf 87' lang='lat' dir='ltr'><em>v.).</em></span> <span class='ocrx_word' id='word_1_633' title='bbox 1646 2830 1691 2836; x_wconf 90' lang='lat'><em>--</em></span> <span class='ocrx_word' id='word_1_634' title='bbox 1728 2811 1786 2853; x_wconf 87' lang='lat'><em>46)</em></span> <span class='ocrx_word' id='word_1_635' title='bbox 1812 2809 1848 2844; x_wconf 88' lang='lat' dir='ltr'><em>C.</em></span> <span class='ocrx_word' id='word_1_636' title='bbox 1872 2809 1934 2844; x_wconf 85' lang='lat' dir='ltr'><em>Li-</em></span> 
     </span>
     <span class='ocr_line' id='line_1_48' title="bbox 220 2866 1933 2913; baseline 0.001 -15"><span class='ocrx_word' id='word_1_637' title='bbox 220 2868 336 2899; x_wconf 87' lang='lat' dir='ltr'><em>cinius</em></span> <span class='ocrx_word' id='word_1_638' title='bbox 354 2867 463 2901; x_wconf 88' lang='lat' dir='ltr'><em>Stolo.</em></span> <span class='ocrx_word' id='word_1_639' title='bbox 479 2886 523 2892; x_wconf 94' lang='lat'><em>——</em></span> <span class='ocrx_word' id='word_1_640' title='bbox 549 2870 606 2911; x_wconf 83' lang='lat'>47)</span> <span class='ocrx_word' id='word_1_641' title='bbox 632 2868 666 2902; x_wconf 87' lang='lat' dir='ltr'><em>C.</em></span> <span class='ocrx_word' id='word_1_642' title='bbox 685 2868 825 2902; x_wconf 88' lang='lat' dir='ltr'><em>Mucius</em></span> <span class='ocrx_word' id='word_1_643' title='bbox 842 2869 1025 2912; x_wconf 87' lang='lat' dir='ltr'><em>Scaevola,</em></span> <span class='ocrx_word' id='word_1_644' title='bbox 1044 2873 1235 2913; x_wconf 84' lang='lat' dir='ltr'><em>praeterea</em></span> <span class='ocrx_word' id='word_1_645' title='bbox 1252 2872 1407 2912; x_wconf 88' lang='lat' dir='ltr'><em>ignotus.</em></span> <span class='ocrx_word' id='word_1_646' title='bbox 1424 2887 1468 2893; x_wconf 91' lang='lat'>—</span> <span class='ocrx_word' id='word_1_647' title='bbox 1492 2869 1549 2910; x_wconf 88' lang='lat'><em>48)</em></span> <span class='ocrx_word' id='word_1_648' title='bbox 1578 2867 1710 2901; x_wconf 89' lang='lat' dir='ltr'><em>Consul</em></span> <span class='ocrx_word' id='word_1_649' title='bbox 1731 2870 1773 2900; x_wconf 88' lang='lat' dir='ltr'><em>ut</em></span> <span class='ocrx_word' id='word_1_650' title='bbox 1787 2866 1933 2900; x_wconf 84' lang='lat' dir='ltr'><em>videtur</em></span> 
     </span>
     <span class='ocr_line' id='line_1_49' title="bbox 220 2922 1934 2968; baseline -0.001 -11"><span class='ocrx_word' id='word_1_651' title='bbox 220 2935 252 2956; x_wconf 87' lang='lat' dir='ltr'><em>a.</em></span> <span class='ocrx_word' id='word_1_652' title='bbox 276 2924 361 2966; x_wconf 88' lang='grc'><strong><em>722,</em></strong></span> <span class='ocrx_word' id='word_1_653' title='bbox 399 2923 446 2964; x_wconf 82' lang='lat' dir='ltr'><em>cf.</em></span> <span class='ocrx_word' id='word_1_654' title='bbox 469 2935 580 2968; x_wconf 88' lang='lat' dir='ltr'><em>supra</em></span> <span class='ocrx_word' id='word_1_655' title='bbox 606 2924 652 2960; x_wconf 89' lang='lat' dir='ltr'><em>N.</em></span> <span class='ocrx_word' id='word_1_656' title='bbox 675 2926 742 2960; x_wconf 80' lang='lat'><em>934</em></span> <span class='ocrx_word' id='word_1_657' title='bbox 764 2929 837 2960; x_wconf 92' lang='lat' dir='ltr'><em>not.</em></span> <span class='ocrx_word' id='word_1_658' title='bbox 861 2927 896 2959; x_wconf 83' lang='lat'><em>2.</em></span> <span class='ocrx_word' id='word_1_659' title='bbox 933 2946 978 2951; x_wconf 90' lang='lat'>—</span> <span class='ocrx_word' id='word_1_660' title='bbox 1015 2927 1073 2967; x_wconf 89' lang='grc'><em>49)</em></span> <span class='ocrx_word' id='word_1_661' title='bbox 1098 2926 1133 2960; x_wconf 85' lang='lat' dir='ltr'><em>C.</em></span> <span class='ocrx_word' id='word_1_662' title='bbox 1157 2925 1352 2960; x_wconf 80' lang='lat' dir='ltr'><em>Norbanus</em></span> <span class='ocrx_word' id='word_1_663' title='bbox 1373 2925 1528 2959; x_wconf 86' lang='lat' dir='ltr'><em>Flaccus</em></span> <span class='ocrx_word' id='word_1_664' title='bbox 1559 2927 1623 2958; x_wconf 89' lang='lat' dir='ltr'><em>aut</em></span> <span class='ocrx_word' id='word_1_665' title='bbox 1652 2926 1683 2957; x_wconf 91' lang='lat' dir='ltr'><em>is</em></span> <span class='ocrx_word' id='word_1_666' title='bbox 1713 2925 1777 2967; x_wconf 85' lang='lat' dir='ltr'><em>qui</em></span> <span class='ocrx_word' id='word_1_667' title='bbox 1806 2922 1934 2957; x_wconf 87' lang='lat' dir='ltr'><em>consul</em></span> 
     </span>
     <span class='ocr_line' id='line_1_50' title="bbox 219 2978 1930 3025; baseline 0.001 -13"><span class='ocrx_word' id='word_1_668' title='bbox 219 2978 295 3019; x_wconf 71' lang='lat' dir='ltr'><em>fuit</em></span> <span class='ocrx_word' id='word_1_669' title='bbox 319 2992 351 3014; x_wconf 90' lang='lat' dir='ltr'><em>a.</em></span> <span class='ocrx_word' id='word_1_670' title='bbox 367 2981 441 3024; x_wconf 88' lang='grc'><strong><em>746,</em></strong></span> <span class='ocrx_word' id='word_1_671' title='bbox 465 2985 529 3014; x_wconf 89' lang='lat' dir='ltr'><em>aut</em></span> <span class='ocrx_word' id='word_1_672' title='bbox 553 2983 585 3014; x_wconf 91' lang='lat' dir='ltr'><em>is</em></span> <span class='ocrx_word' id='word_1_673' title='bbox 610 2983 673 3025; x_wconf 83' lang='lat' dir='ltr'><em>qui</em></span> <span class='ocrx_word' id='word_1_674' title='bbox 696 2993 729 3016; x_wconf 92' lang='lat' dir='ltr'><em>a.</em></span> <span class='ocrx_word' id='word_1_675' title='bbox 745 2983 824 3017; x_wconf 88' lang='grc'><strong><em>750.</em></strong></span> <span class='ocrx_word' id='word_1_676' title='bbox 847 3000 893 3008; x_wconf 89' lang='grc'><strong>-</strong></span> <span class='ocrx_word' id='word_1_677' title='bbox 925 2985 982 3025; x_wconf 89' lang='grc'><em>50)</em></span> <span class='ocrx_word' id='word_1_678' title='bbox 1006 2982 1159 3017; x_wconf 86' lang='lat' dir='ltr'><em>Videtur</em></span> <span class='ocrx_word' id='word_1_679' title='bbox 1183 2982 1230 3017; x_wconf 90' lang='lat' dir='ltr'><em>M.</em></span> <span class='ocrx_word' id='word_1_680' title='bbox 1250 2982 1415 3016; x_wconf 84' lang='lat' dir='ltr'><em>Cocceius</em></span> <span class='ocrx_word' id='word_1_681' title='bbox 1438 2980 1559 3015; x_wconf 80' lang='lat' dir='ltr'><em>Nerva</em></span> <span class='ocrx_word' id='word_1_682' title='bbox 1585 2980 1711 3015; x_wconf 89' lang='lat' dir='ltr'><em>consul</em></span> <span class='ocrx_word' id='word_1_683' title='bbox 1733 2991 1766 3015; x_wconf 92' lang='lat' dir='ltr'><em>a.</em></span> <span class='ocrx_word' id='word_1_684' title='bbox 1789 2979 1862 3014; x_wconf 85' lang='grc'><strong><em>746.</em></strong></span> <span class='ocrx_word' id='word_1_685' title='bbox 1886 2999 1930 3004; x_wconf 95' lang='grc'><strong>-</strong></span> 
     </span>
     <span class='ocr_line' id='line_1_51' title="bbox 221 3036 1931 3081; baseline 0.001 -12"><span class='ocrx_word' id='word_1_686' title='bbox 221 3037 278 3077; x_wconf 84' lang='grc'><em>51)</em></span> <span class='ocrx_word' id='word_1_687' title='bbox 305 3036 434 3070; x_wconf 85' lang='lat' dir='ltr'><em>Consul</em></span> <span class='ocrx_word' id='word_1_688' title='bbox 457 3049 491 3072; x_wconf 89' lang='lat' dir='ltr'><em>a.</em></span> <span class='ocrx_word' id='word_1_689' title='bbox 507 3038 589 3072; x_wconf 89' lang='grc'><strong><em>755.</em></strong></span> <span class='ocrx_word' id='word_1_690' title='bbox 623 3057 668 3063; x_wconf 93' lang='grc'>-</span> <span class='ocrx_word' id='word_1_691' title='bbox 704 3040 762 3080; x_wconf 85' lang='grc'><em>52)</em></span> <span class='ocrx_word' id='word_1_692' title='bbox 788 3039 823 3073; x_wconf 90' lang='lat' dir='ltr'><em>C.</em></span> <span class='ocrx_word' id='word_1_693' title='bbox 841 3039 984 3073; x_wconf 87' lang='lat' dir='ltr'><em>Sentius</em></span> <span class='ocrx_word' id='word_1_694' title='bbox 1008 3039 1229 3073; x_wconf 86' lang='lat' dir='ltr'><em>Saturninus</em></span> <span class='ocrx_word' id='word_1_695' title='bbox 1253 3049 1323 3074; x_wconf 81' lang='lat' dir='ltr'><em>cos.</em></span> <span class='ocrx_word' id='word_1_696' title='bbox 1348 3049 1381 3072; x_wconf 88' lang='lat' dir='ltr'><em>a.</em></span> <span class='ocrx_word' id='word_1_697' title='bbox 1398 3038 1485 3080; x_wconf 75' lang='lat'><em>73.¹5,·</em></span> <span class='ocrx_word' id='word_1_698' title='bbox 1515 3038 1610 3072; x_wconf 89' lang='lat' dir='ltr'><em>idem</em></span> <span class='ocrx_word' id='word_1_699' title='bbox 1633 3040 1711 3081; x_wconf 89' lang='lat' dir='ltr'><em>ipso</em></span> <span class='ocrx_word' id='word_1_700' title='bbox 1736 3047 1830 3071; x_wconf 89' lang='lat' dir='ltr'><em>anno</em></span> <span class='ocrx_word' id='word_1_701' title='bbox 1853 3036 1931 3078; x_wconf 86' lang='grc'><strong><em>757,</em></strong></span> 
     </span>
    </p>
   </div>
  </div>
 </body>
</html>
