2092 3360
458 156 575 194 Tituli
597 158 848 204 municipales.
874 178 916 184 —
941 157 1119 195 Tesserae
1142 160 1180 195 et
1203 157 1352 194 tabulae
1376 160 1604 203 patronatus.
1801 156 1883 196 535

177 275 212 314 4)
232 273 388 307 Eranam
411 282 540 306 nomen
563 274 640 306 eius
672 275 731 306 cui
755 273 876 307 tabula
902 273 1020 307 oblata
1043 275 1112 315 est,
1143 275 1228 306 item
1251 283 1354 306 erasa
1378 273 1525 306 nomina
1556 271 1706 306 alterius
1728 271 1886 305 consulis

177 329 397 373 alteriusque
420 330 576 364 duoviri.
598 348 645 355 —
669 332 704 371 5)
730 330 818 364 Viro
842 328 1117 373 perfectissimo.
1141 347 1185 354 —
1210 331 1243 368 6)
1269 329 1346 364 Ser.
1372 328 1456 364 fore.
1485 347 1531 355 —-
1566 329 1609 363 In
1630 331 1736 373 parte
1759 338 1885 362 aversa

178 387 334 420 eiusdem
365 386 509 420 tabulae
539 389 642 419 extat
665 386 843 420 decretam
871 387 980 430 plane
1002 386 1132 420 eisdem
1155 387 1273 419 verbis
1296 387 1520 428 conceptum,
1549 386 1638 419 anni
1658 395 1694 428 p.
1713 384 1793 419 Chr.
1808 385 1885 419 547.

177 443 340 487 Apparet
370 453 450 477 cum
472 443 643 477 Aurelius
669 443 866 476 Gentianus
895 445 1071 476 nescimus
1100 452 1207 486 quam
1237 443 1280 475 ob
1311 452 1455 475 causam
1484 443 1671 475 meruisset
1699 443 1742 474 ut
1771 441 1887 474 honor

178 502 256 533 eius
280 499 476 540 tolleretur,
507 499 667 533 tabulam
687 501 902 542 patronatus
934 510 1027 543 quae
1051 500 1168 532 Paesti
1190 502 1411 532 remanserat
1438 501 1523 542 post
1545 509 1658 531 annos
1681 498 1799 531 decem
1823 497 1886 531 ad·

178 558 329 590 lu'bilam
354 567 427 588 esse
450 556 499 588 ad
520 556 670 588 similem
695 565 810 588 usum.
852 555 1010 588 Tertium
1033 556 1150 588 simile
1173 556 1353 589 decretum
1375 556 1631 589 Paestanorum
1655 556 1709 587 est
1732 552 1777 587 N.
1792 553 1887 588 6444.

292 635 405 683 6113
463 637 637 678 Antonio
669 637 897 677 Marcellino
934 636 939 685 Ι
980 644 1019 677 et
1049 637 1239 678 Petronio
1270 637 1446 677 Probino
1486 637 1611 678 cons.¹
1646 636 1651 691 Ι
1695 636 1728 676 ll
1760 648 1887 676 nonas

179 707 309 754 Maias,
336 704 343 762 Ι
368 706 633 747 succlamante
664 704 812 758 populo
834 705 1003 757 empurii
1024 704 1211 745 Naunae²
1235 703 1243 759 Ι
1271 702 1417 762 de[v.]³
1448 704 1689 745 offerendam
1712 703 1885 744 tabulam

179 774 280 815 aeris
304 774 468 815 incisam
497 773 504 828 Ι
529 780 764 826 patronatus
794 773 845 813 M.
867 773 944 813 Sal.
967 773 1120 813 Balerio
1151 772 1233 813 viro
1264 772 1485 826 splendido,
1512 774 1518 828 Ι
1545 773 1609 814 cui
1639 773 1715 813 iam
1736 772 1885 813 dudum

178 842 396 884 secundum
427 842 562 883 hocis⁴
600 842 775 883 eiusdem
806 841 944 894 populi
984 838 991 896 Ι
1030 847 1069 881 et
1099 840 1345 882 boluntatem
1381 854 1547 882 onorem
1578 848 1812 895 patronatus
1850 841 1886 881 ei

179 910 354 951 oblatum
380 917 452 959 est,
479 907 485 965 Ι
512 923 551 963 q.
582 909 619 950 d.
651 923 684 950 e.
715 923 747 950 r.
780 910 806 949 s.
838 921 892 961 p.,
923 909 960 949 d.
992 922 1026 949 e.
1058 922 1090 949 r.
1112 909 1137 949 i.
1160 910 1211 948 c.⁵
1255 909 1353 950 Cum
1382 910 1546 951 devotus
1576 909 1749 963 populus
1773 908 1781 963 Ι
1807 909 1884 949 iam

179 979 329 1032 pridem
359 978 411 1018 M.
443 978 520 1018 Sal.
552 978 704 1018 Balerio
743 977 901 1031 publice
941 989 1106 1018 onorem
1140 984 1373 1030 patronatus
1411 980 1419 1030 Ι
1460 978 1495 1018 ei
1527 978 1734 1031 optulerit,
1774 977 1886 1018 cuius

179 1048 370 1092 immensa
400 1046 593 1087 beneficia
621 1058 779 1099 semper
810 1059 890 1087 non
922 1052 1076 1086 tantum
1102 1047 1110 1097 Ι
1136 1046 1176 1086 in
1208 1046 1464 1099 municipes‘,
1500 1046 1569 1087 sed
1598 1045 1738 1087 berum
1769 1046 1884 1086 etiam

178 1117 220 1157 in
252 1129 326 1156 nos
354 1115 463 1168 ipsos
483 1114 707 1163 contulerit,
735 1112 740 1168 Ι
769 1114 990 1167 empurium
1023 1127 1183 1167 quoque
1206 1121 1385 1155 nostrum
1415 1115 1469 1155 ita
1489 1127 1646 1168 semper
1666 1114 1857 1162 dilexerit,
1880 1116 1887 1165 1

179 1190 240 1232 ut,
279 1182 520 1235 ubicumque
559 1194 622 1222 res
653 1182 798 1234 exegit,
835 1188 944 1223 tutos
982 1182 1208 1235 defensosq.
1240 1183 1491 1235 praestiterit,
1527 1182 1532 1238 Ι
1574 1189 1740 1236 propter
1778 1183 1885 1235 quod

180 1264 344 1292 necesse
374 1257 434 1291 est
462 1263 553 1291 eum
574 1251 819 1291 remunerari
840 1258 1045 1304 oportere:
1072 1249 1079 1305 Ι
1106 1251 1235 1304 placet
1264 1252 1396 1304 itaque
1417 1252 1602 1292 universo
1632 1251 1781 1305 populo
1803 1263 1886 1291 em-

180 1319 284 1373 purii
313 1318 550 1366 Naunitani,
595 1318 767 1359 tabulam
810 1317 817 1373 Ι
854 1331 945 1359 aere
983 1319 1148 1360 incisam
1191 1320 1226 1360 ei
1265 1320 1408 1360 offerre
1446 1320 1600 1368 devere,
1646 1332 1726 1372 quo
1767 1319 1886 1371 digne

180 1401 306 1429 onore
333 1385 338 1442 Ι
365 1387 440 1428 sibi
471 1387 657 1427 collatum
687 1399 708 1426 a
739 1387 988 1428 devotissimo
1018 1388 1167 1440 populo
1199 1388 1368 1440 empurii
1399 1387 1523 1428 nostri
1555 1387 1695 1427 libenti
1722 1385 1728 1441 Ι
1754 1387 1886 1427 animo

179 1456 378 1509 suscipiat.
405 1453 412 1511 Ι
439 1455 731 1497 Censuentibus
763 1455 804 1495 C.
836 1455 907 1496 lul.
939 1455 1110 1496 Secund.
1143 1465 1357 1509 (sequuntur
1377 1465 1486 1509 plura
1510 1466 1657 1499 nomina
1682 1467 1886 1511 corrupta).

293 1534 421 1569 Nerati
437 1533 597 1578 (Νανάό)
614 1535 654 1567 in
673 1533 840 1567 Calabria
864 1545 938 1577 rep.
964 1546 997 1567 a.
1014 1534 1114 1578 4595,
1139 1534 1262 1567 tabula
1278 1545 1389 1567 aenea
1405 1532 1600 1575 fastigiata
1626 1534 1692 1574 (lx
1707 1534 1749 1569 40
1774 1535 1888 1569 deser.

180 1594 420 1637 Hieronymus
443 1591 589 1635 quidam
610 1590 807 1633 Marciano,
831 1593 920 1624 satis
943 1594 1112 1624 accurate
1133 1594 1175 1624 ut
1198 1591 1367 1636 videtur).
1392 1610 1438 1616 —
1464 1593 1495 1633 1)
1518 1592 1563 1626 A.
1578 1591 1655 1625 341.
1677 1610 1722 1616 -—
1746 1593 1781 1634 2)
1805 1592 1891 1626 Em-

178 1651 325 1694 porium
346 1650 414 1682 Ιιοο
431 1651 620 1692 praeterea
644 1649 820 1691 ignotum.
838 1667 884 1672 —
908 1649 941 1690 3)
966 1647 1030 1681 deo
1056 1647 1129 1691 (vel
1151 1647 1246 1692 ded.)
1273 1649 1542 1691 apogr-aphani,-
1567 1652 1730 1681 correoeit
1744 1649 1890 1682 Hirsch-

180 1700 267 1748 feld.
288 1724 336 1732 —
364 1708 399 1749 4)
424 1704 547 1739 Voces.
570 1723 616 1729 —
647 1706 682 1746 5)
707 1704 803 1746 Quid
824 1705 867 1738 de
891 1716 932 1738 ea
957 1716 997 1738 re
1019 1704 1102 1745 fieri
1123 1704 1298 1748 placeret,
1323 1705 1366 1738 de
1390 1717 1430 1738 ea
1454 1716 1493 1737 re
1516 1707 1571 1738 ita
1596 1709 1819 1739 censuerunt.
1844 1725 1890 1731 —

179 1765 215 1799 6)
240 1762 408 1805 Intellege
428 1761 630 1795 Neretinos.

295 1842 408 1889 ⁶114
447 1853 573 1897 (capul
595 1855 735 1887 iuvenis
758 1853 969 1896 capillatum
994 1856 1027 1885 et
1048 1852 1238 1897 pileatum)
1271 1843 1426 1895 Helpidi
1461 1844 1580 1882 homo
1612 1844 1724 1891 felix,
1751 1843 1758 1900 Ι
1793 1846 1890 1888 (leus

181 1920 220 1953 te
250 1912 422 1953 servetl¹
464 1911 470 1966 Ι
510 1911 653 1952 Flaviis
672 1911 841 1951 Leontio
864 1918 903 1950 et
922 1910 1082 1951 Bonoso
1112 1911 1276 1959 conSS.²,
1303 1909 1310 1966 Ι
1338 1911 1386 1951 V1
1416 1911 1503 1951 idus
1534 1911 1701 1963 Apriles.
1741 1912 1749 1966 Ι
1791 1913 1891 1954 Cum

182 1980 290 2021 cibes
334 1980 565 2032 frequentes
610 1978 789 2018 coloniae
834 1975 1131 2032 Paestanolrum
1178 1979 1418 2030 coegissent,
1470 1978 1591 2019 herba
1634 1980 1838 2038 fecerunt:
1882 1979 1889 2037 Ι

182 2049 271 2089 Non
311 2047 470 2088 aliunde
508 2047 761 2087 aestimamus
798 2051 942 2086 statum
981 2045 1149 2086 cibitatis
1187 2044 1195 2101 Ι
1235 2047 1413 2087 altiorem
1450 2047 1737 2100 cultioremque
1767 2050 1890 2097 reddi,

183 2117 260 2157 nisi
290 2115 542 2168 indusjtrium
559 2118 643 2162 (sic)
673 2114 848 2153 virorum
880 2114 1117 2166 patrocinio
1139 2114 1354 2154 fulciantur
1385 2112 1391 2169 Ι
1428 2115 1565 2168 optimi
1596 2115 1718 2157 cibes.
1814 2117 1891 2170 Igi-

183 2191 250 2225 tur
279 2183 460 2236 Helpidio
492 2179 781 2236 honestislsimo
819 2181 900 2221 viro
931 2194 1005 2234 pro
1036 2181 1225 2234 dignitate
1256 2195 1325 2223 sua
1354 2189 1607 2236 patronatum
1634 2185 1641 2234 Ι
1667 2185 1891 2226 offeramus.

184 2251 410 2298 Credimus,
456 2251 562 2303 quod
601 2250 641 2290 in
682 2249 867 2290 omnibus
905 2262 978 2290 nos
1016 2248 1022 2304 Ι
1063 2251 1307 2304 patriamque
1352 2258 1527 2291 nostram
1572 2251 1709 2292 fobere
1753 2253 1893 2306 digne-

184 2326 263 2360 tur.
290 2319 296 2375 Ι
372 2319 569 2371 Helpidio.
596 2315 602 2372 Ι
630 2317 773 2358 Placet.
795 2317 927 2358 Placet
956 2318 1139 2372 Helpidio
1169 2319 1448 2361 honestissimo
1474 2318 1481 2374 Ι
1506 2320 1604 2369 viro,
1640 2321 1754 2361 cuius
1783 2327 1893 2361 tanta

184 2388 362 2440 aequitas
400 2383 675 2439 tranquilliltas
714 2384 882 2437 dignitas
920 2386 1066 2427 iustitia
1106 2387 1334 2429 innocentia
1373 2389 1608 2445 humaffnitas
1652 2401 1700 2428 ex
1739 2389 1892 2441 origine

185 2451 428 2512 propa[9]ata
459 2452 728 2507 monstraltur,
767 2454 983 2506 cuiusque³
1021 2455 1155 2507 proles
1185 2456 1421 2497 sanctissimi
1452 2464 1490 2497 et
1520 2457 1605 2497 eius
1631 2455 1637 2509 Ι
1663 2457 1894 2497 veneravilis

186 2524 258 2564 flos
287 2524 488 2575 decusque
518 2530 590 2570 est,
621 2521 793 2561 tabulam
817 2519 826 2575 Ι
851 2530 1082 2575 patronatus
1101 2524 1169 2573 sic,
1201 2525 1258 2565 uti
1278 2524 1511 2577 parentibus
1542 2524 1626 2564 eius
1653 2523 1893 2578 opltulimus,

187 2592 412 2632 offeramus.
472 2590 599 2638 Quem
630 2590 662 2630 si
693 2587 885 2644 accipelre
916 2591 1033 2631 fuerit
1061 2591 1259 2644 dignatus,
1297 2604 1502 2644 speramus
1533 2591 1638 2643 quod
1675 2589 1681 2644 Ι
1717 2604 1790 2644 pro
1821 2592 1894 2632 ho-

189 2666 339 2700 nestate
371 2659 544 2700 nominis
574 2659 635 2699 sui
666 2658 705 2698 in
729 2658 914 2699 omnibus
939 2658 945 2712 Ι
975 2672 1047 2700 nos
1076 2671 1204 2711 aequo
1231 2660 1490 2711 sinceraeque
1521 2657 1894 2714 animo⁴'aspilcere

187 2740 233 2767 ac
263 2727 401 2768 lohere
431 2727 630 2779 dignetur.

302 2795 421 2828 Paesti
443 2804 530 2837 rep.‚
556 2794 677 2827 tabula
702 2803 823 2834 aenea,
848 2796 901 2826 eet
919 2792 1074 2838 Neapoli
1097 2793 1148 2839 (Χ
1167 2795 1231 2828 478
1254 2794 1344 2827 vidit
1366 2793 1558 2827 Mommsen
1581 2791 1628 2832 cf.
1653 2793 1817 2826 Huebner
1840 2805 1897 2829 σω,

187 2861 255 2884 scr.
280 2853 395 2893 epigr.
419 2861 455 2884 n.
470 2851 565 2893 884).
589 2869 634 2875 -
664 2851 696 2892 1)
722 2850 911 2893 Hucusque
934 2853 1109 2894 scriplum
1132 2852 1171 2883 in
1195 2849 1347 2893 fastigio
1372 2849 1532 2884 tabellae.
1557 2869 1603 2875 —
1626 2851 1659 2891 2)
1684 2851 1727 2884 A.
1750 2851 1828 2885 344.
1851 2869 1896 2875 —

189 2907 223 2948 3)
246 2906 323 2940 Sor.
347 2906 513 2951 civisque.
537 2924 583 2932 —·
610 2909 645 2949 4)
670 2907 748 2941 Ser.
772 2906 886 2939 animo
911 2906 1145 2950 sinceraeque.

303 2997 416 3045 6115
452 3030 462 3040 .
484 3029 494 3040 .
517 3032 528 3042 .
553 3030 562 3040 .
584 2996 724 3056 [homo]
749 2999 880 3039 felixl¹
908 2997 914 3053 Ι
941 2998 1034 3039 Post
1053 3011 1187 3041 conss.
1207 2999 1270 3039 dd.
1296 3012 1361 3042 nn.
1386 2999 1527 3039 Arcadi
1548 2998 1601 3039 ΙΙΙ
1622 3006 1660 3040 et
1681 2999 1808 3040 Onori
1829 2999 1862 3040 11
1890 2997 1897 3056 Ι

191 3066 336 3119 Augg.¹
366 3065 430 3124 ς’
469 3067 531 3110 ka.
563 3067 685 3120 April.
718 3067 948 3115 Genusiae⁴‚
985 3064 991 3122 Ι
1025 3067 1290 3108 referentibus
1321 3068 1402 3107 Val.
1431 3066 1651 3108 Fortunato
1687 3074 1727 3107 et
1756 3068 1851 3108 Aur.
1888 3063 1896 3122 Ι
