2092 3360
455 166 571 204 Tituli
593 167 692 204 socri
713 170 752 205 et
774 169 1016 206 sacerdotnm.
1040 189 1083 196 -
1109 170 1269 207 Numina
1285 170 1468 217 Syrorum.
1746 173 1826 213 165

222 279 370 326 Ko'rnye
392 282 432 315 in
458 282 646 317 Pannonia
675 284 772 317 inter
795 283 1040 327 Brigetionem
1065 286 1099 317 et
1122 284 1329 329 Aquincum
1360 285 1435 330 (111
1456 285 1492 320 S.
1514 285 1619 321 40964
1644 287 1735 321 vidit
1756 288 1829 322 Do-

105 337 348 382 maszewskt).

224 416 340 463 4279
386 449 544 460 ......
573 417 580 474 Ι
606 427 645 461 et
672 419 985 476 leontolxasma¹
1017 420 1124 476 ι18Ι38
1155 422 1210 463 d.⁸
1240 423 1391 477 Dasyr.⁸
1416 423 1422 479 Ι
1449 437 1609 478 posuer.

220 485 324 519 Baiis
352 497 445 530 rep.,
479 490 532 520 est
561 486 718 531 Neapoli
748 487 806 531 (Χ
825 489 912 523 4554
945 490 1037 523 vidit
1068 490 1289 530 Mommsen).
1324 509 1371 516 -
1408 492 1441 534 1)
1466 491 1746 527 Leontocltasma
1778 496 1831 528 est

100 544 274 585 protome
298 543 452 586 leonina,
477 543 572 577 unde
595 554 692 588 aqua
717 545 803 578 salit
828 545 1069 589 (Miner-vini).
1093 565 1138 572 —
1163 547 1198 590 2)
1222 547 1398 581 Dominae
1409 548 1470 592 (Ρ).
1487 567 1531 574 -
1555 550 1591 591 3)
1615 549 1693 584 Dea
1719 549 1830 596 Syria

108 599 258 642 vulgari
279 610 441 633 sermone
455 600 638 635 Deasuria
656 601 712 635 vel
729 601 887 636 Dasuria
912 603 1055 637 videtur
1072 604 1168 637 dicta
1186 614 1270 645 esse,
1296 606 1419 648 itaque
1442 605 1545 639 obliti
1568 607 1725 649 originis
1743 607 1830 642 deae

107 655 384 699 appellationem
407 667 535 690 rursus
555 659 829 702 praeponebant
853 659 1029 700 (Momm.
1054 660 1104 694 ad
1125 659 1161 694 X
1181 660 1296 705 4554).

220 734 336 782 4280
383 738 420 778 d.
442 723 529 794 ms}
556 739 742 781 Terentia
774 741 941 782 Matron.
969 739 975 796 Ι
1003 741 1044 782 C.
1066 741 1166 781 lulio
1197 739 1426 782 Abdederae
1448 746 1533 792 (sic)
1561 741 1566 798 Ι
1593 745 1688 785 fecit
1717 745 1829 792 fratri

107 803 368 860 pientisslimo
399 807 635 849 benemerti¹
662 813 760 859 (sic),
793 809 930 850 Gallo²
958 807 965 863 Ι
990 802 1234 850 Diasuriaes⁸
1260 807 1266 863 Ι
1292 809 1339 849 31)
1371 810 1444 851 Isis
1476 817 1515 852 et
1545 809 1729 867 Seirapis.

221 870 355 906 Romae
380 874 487 918 (Eph.
512 877 628 919 epigr.
652 878 684 919 4,
701 877 770 911 873
793 877 885 910 vidit
908 876 1081 920 Dressel).
1103 894 1149 901 —
1177 877 1209 919 1)
1233 885 1276 910 ne
1301 877 1444 911 litterae
1462 882 1588 922 postea
1613 879 1830 914 additae.—

109 928 143 969 2)
170 929 354 963 Postrema
379 931 482 972 (inde
497 943 519 966 a
537 931 652 976 Gallo)
678 934 753 967 alia
776 944 887 967 manu
906 934 1111 978 perscripta
1134 935 1228 966 sunt.
1253 951 1300 958 -
1324 934 1359 976 3)
1383 933 1438 974 cr.
1461 934 1508 969 N.
1523 935 1610 969 4277
1633 939 1708 970 not.
1723 937 1760 970 2.

226 986 332 1019 Alius
355 988 522 1022 sacerdos
545 988 678 1033 Syriae
702 990 788 1023 deae
811 992 864 1022 est
885 1000 996 1032 supra
1021 988 1066 1023 Ν.
1083 989 1178 1023 4478.

224 1064 338 1113 4281
386 1099 396 1109 .
415 1100 424 1110 .
443 1070 657 1123 Opsturius
678 1100 690 1111 .
707 1101 718 1112 .
736 1101 745 1112 .
773 1068 780 1126 Ι
807 1071 963 1112 Deanae
985 1070 1170 1124 Syri[ae]¹
1197 1069 1204 1125 Ι
1230 1083 1266 1113 ν.
1290 1083 1321 1112 s.
1342 1071 1369 1111 1.
1390 1084 1443 1112 m.
1482 1078 1539 1121 (in
1564 1076 1676 1110 latere
1697 1077 1831 1112 mutien-

107 1132 349 1179 sacrificans).

222 1191 406 1226 Amiterni
427 1204 502 1238 rep.
529 1193 599 1238 (IX
618 1194 704 1228 4487
727 1195 896 1229 viderunt
919 1193 1113 1229 Mommsen
1137 1197 1172 1227 et
1193 1193 1365 1238 Dressel).
1389 1212 1436 1220 —
1470 1195 1503 1236 1)
1529 1192 1584 1234 ΕΙΣ
1609 1194 1761 1229 Lucian.
1787 1195 1830 1228 de

107 1247 174 1281 dea
191 1247 277 1292 Syr.
293 1249 343 1283 32
352 1262 365 1282 .·
389 1244 437 1286 τὰ
461 1248 533 1294 μὲν
556 1250 759 1295 σύμπαντα
784 1246 940 1299 ἀτρεκέϊ
961 1246 1066 1300 λόγῳ
1078 1242 1175 1297 ‘'Hor]
1195 1247 1277 1286 ἐστί
1285 1279 1296 1293 ,
1321 1246 1397 1296 ἕχει
1422 1247 1467 1288 δέ
1485 1263 1520 1287 τι
1544 1252 1609 1287 καὶ
1632 1245 1830 1298 Ἀθηναίης

106 1305 171 1340 καὶ
194 1298 414 1352 Ἀφροδίτης
436 1308 502 1343 καὶ
527 1308 738 1355 Σεληναίης
761 1310 827 1345 καὶ
846 1303 946 1354 Ῥέης
968 1310 1034 1344 καὶ
1058 1303 1270 1353 Ἀρτέμιδος
1293 1309 1374 1343 κτλ.

220 1383 338 1432 4282
384 1387 444 1428 dis
474 1388 583 1441 Syris
609 1386 616 1442 Ι
643 1388 684 1432 C.
717 1389 906 1431 Albucius
933 1387 940 1444 Ι
966 1389 1007 1430 C.
1039 1390 1064 1429 l.
1096 1389 1333 1430 Restitutus.

222 1453 375 1488 Salonis
400 1453 471 1494 (111
493 1455 576 1490 4964
601 1456 695 1489 vidit
717 1455 940 1500 Mommsen).

220 1543 338 1591 4283
388 1544 435 1604 [Ι.
455 1545 508 1605 0.]
537 1561 590 1589 m.
622 1549 696 1590 diis
725 1549 922 1603 Heliupol.
952 1562 1027 1602 pro
1057 1548 1126 1590 sal.
1153 1546 1160 1603 Ι
1195 1544 1257 1604 [et]
1288 1548 1461 1589 victoriis
1491 1548 1529 1588 d.
1562 1561 1602 1588 n.
1634 1548 1828 1589 Antonini

108 1614 168 1655 Pii
197 1614 263 1655 fel.
283 1615 384 1668 Aug.
416 1623 455 1656 et
486 1616 608 1658 Iuliae
629 1617 729 1670 Aug.
756 1618 892 1658 matris
922 1618 958 1658 d.
982 1631 1022 1658 n.
1054 1622 1150 1659 cast.
1180 1623 1308 1658 senat.
1339 1622 1456 1669 patr„
1486 1615 1583 1656 Aur.
1605 1615 1697 1656 Ant.
1718 1616 1827 1656 Lon-

109 1682 227 1735 ginus
256 1684 405 1736 specul.
435 1684 512 1738 leg.
542 1685 580 1724 1¹
617 1682 624 1741 Ι
661 1682 985 1743 [Ant]oninianae
1015 1685 1142 1738 capita
1173 1685 1449 1726 columnarum
1479 1685 1555 1725 dua
1587 1696 1700 1724 aerea
1730 1696 1827 1725 auro

110 1750 349 1792 inluminata
378 1764 448 1793 sua
480 1754 650 1806 pecunia
680 1767 729 1795 ex
757 1760 849 1795 voto
879 1755 904 1795 1.
935 1767 969 1795 3.
1000 1767 1031 1795 s.

224 1817 407 1862 Heliupoli
431 1819 562 1864 Syriae
593 1820 785 1866 (Baalbek)
817 1825 856 1854 in
881 1822 1023 1854 basibus
1047 1820 1203 1854 duarum
1228 1819 1477 1853 columnarum
1510 1818 1590 1862 (111
1610 1819 1679 1853 438
1704 1829 1742 1861 p.
1765 1818 1829 1852 970

116 1873 165 1909 W
163 1873 365 1917 addington
381 1876 475 1909 vidit
490 1877 648 1921 ectypa).
661 1897 708 1902 —
725 1877 866 1911 Celebre
881 1875 959 1917 suit
975 1877 1143 1920 templum
1157 1876 1252 1910 Iovis
1264 1875 1579 1918 Heliopolitanum,
1605 1873 1651 1914 cf.
1668 1874 1829 1910 Macrob-

110 1933 179 1964 sat.
204 1931 237 1972 4,
261 1931 321 1974 23,
345 1931 398 1974 40,
434 1937 742 1975 repraesentatum
775 1935 883 1966 etiam
912 1935 954 1966 in
984 1934 1139 1966 nummis
1173 1942 1266 1966 saec.
1297 1943 1335 1975 p.
1360 1932 1442 1965 Chr.
1471 1933 1590 1973 tertio,
1623 1932 1665 1963 in
1701 1932 1831 1974 quibus

112 1987 335 2031 adscriptum
363 1987 387 2022 1.
413 1999 446 2023 o.
470 1999 516 2023 m.
542 1988 581 2024 11.
606 1989 672 2024 col.
697 1989 771 2024 Hel.
807 1989 960 2030 (Eckhel
979 1991 1016 2031 3,
1038 1989 1138 2033 334).
1173 2007 1220 2013 -
1257 1990 1290 2030 1)
1318 1988 1546 2031 Intellegitur
1581 1987 1676 2030 legio
1709 1989 1831 2031 prima

111 2045 295 2078 Parthica.

227 2134 344 2181 4284
383 2133 429 2192 [1.
453 2134 504 2192 ο.Ι
527 2149 579 2177 m.
602 2143 641 2177 et
661 2134 816 2191 Velneri
847 2144 887 2177 et
911 2136 917 2192 Ι
945 2137 1141 2178 Mercurio
1168 2135 1175 2192 Ι
1202 2132 1575 2193 Η811ιιροΙίΙ[ε]3ιιίε1
1607 2137 1654 2184 Q.
1671 2134 1830 2192 Teldius

114 2203 320 2260 Maxilmus
349 2218 384 2244 v.
416 2205 441 2245 l.
472 2217 506 2245 3.
530 2211 626 2252 (sic).

227 2271 379 2305 Athenis
404 2271 478 2316 (111
499 2272 535 2306 S.
552 2272 642 2306 7280
665 2271 858 2305 Mommsen
882 2272 975 2306 vidit
999 2272 1194 2317 ectypum).
1231 2290 1276 2296 —
1315 2272 1346 2314 1)
1370 2271 1425 2304 De
1449 2272 1566 2305 triade
1590 2272 1658 2305 Ιιαι·
1682 2273 1831 2306 deorum

112 2327 462 2371 Heliopolitanorum
493 2332 527 2362 et
560 2330 689 2373 quibus
714 2328 891 2373 Syrorum
915 2329 986 2362 diis
1007 2329 1241 2373 respondeat,
1274 2330 1452 2372 quaesivit
1475 2328 1511 2363 S.
1534 2328 1730 2370 Hoffmann
1754 2328 1830 2374 (ap.

113 2384 309 2419 Mommsen
334 2385 356 2419 l.
374 2388 432 2428 e.).
481 2385 603 2419 Venus
627 2389 663 2418 et
685 2385 888 2419 Mercurius
911 2388 1186 2429 coniunguntur
1216 2396 1296 2419 cum
1319 2385 1403 2419 Iove
1427 2385 1691 2428 Heliopolitano
1722 2387 1831 2419 etiam

112 2442 152 2474 in
169 2441 276 2475 titulo
298 2453 410 2485 prope
427 2441 670 2484 Soligenstadt
691 2453 767 2485 rep.
792 2442 992 2476 Brambaeh
1008 2443 1094 2477 4408
1117 2442 1237 2486 (quem
1261 2444 1395 2476 rectius
1419 2443 1508 2485 tegit
1522 2441 1831 2476 Domaszewskius

119 2497 254 2532 Westd.
280 2497 618 2542 Korrespondenzbl.
643 2498 729 2532 4897
749 2509 786 2542 p.
803 2499 899 2543 472).

227 2577 345 2624 4285
386 2576 449 2637 [1.]
480 2593 515 2620 ο.
538 2593 590 2620 m.
614 2581 676 2629 Η.,
704 2581 711 2634 Ι
740 2581 882 2621 Veneri
908 2578 914 2635 Ι
943 2580 1113 2628 victrici,
1140 2579 1148 2634 Ι
1174 2580 1224 2620 Μ.
1247 2581 1375 2621 Titius
1401 2582 1407 2632 Ι
1434 2581 1670 2621 Heliodorus
1696 2577 1702 2635 Ι
1729 2582 1828 2634 Aug.

115 2646 190 2687 col.
217 2644 225 2701 Ι
252 2647 372 2696 Kar.¹‚
403 2660 439 2687 v.
460 2661 491 2689 s.
520 2647 527 2699 Ι
552 2648 790 2690 sacerdotib.
812 2648 925 2688 Vibio
952 2648 959 2698 Ι
986 2647 1199 2689 Crescente
1229 2656 1268 2688 et
1299 2648 1446 2689 Heren.
1473 2646 1480 2703 Ι
1506 2648 1752 2700 Nigriniano.

231 2713 413 2748 Carnunti
436 2725 510 2759 rep.
536 2715 608 2759 (111
631 2715 668 2749 S.
683 2716 793 2750 44439
815 2714 907 2748 vidit
931 2712 1165 2756 Hirschfeld).
1196 2733 1240 2739 —
1281 2717 1315 2758 1)
1337 2715 1551 2758 Augustalis
1575 2714 1666 2759 (veh
1691 2717 1829 2758 augur)

114 2770 280 2804 coloniae
306 2770 494 2806 Kar-nunti.

227 2849 342 2897 4286
398 2852 427 2892 Ι.
459 2866 496 2893 ο.
528 2865 580 2892 m.
609 2850 615 2906 Ι
642 2851 946 2907 Η811οροΙίΙῑ3ηο
972 2852 979 2905 Ι
1006 2851 1050 2891 L.
1073 2851 1286 2905 Pompeius
1313 2852 1319 2907 Ι
1347 2852 1525 2892 Caeneus
1550 2851 1558 2904 Ι
1583 2852 1798 2905 princeps¹

115 2918 191 2971 leg.
213 2918 322 2959 xlm
352 2919 397 2960 G.
419 2920 470 2960 M.
492 2920 535 2960 V.
564 2918 571 2975 Ι
598 2933 646 2961 ex
676 2921 758 2962 viso
788 2934 823 2961 v.
856 2934 888 2961 s.
916 2918 923 2972 Ι
948 2920 974 2960 l.
1006 2932 1058 2960 m.

231 2986 410 3020 Carnunti
433 2998 523 3031 rep„
553 2998 620 3021 ara
648 2987 777 3021 litteris
800 2999 874 3022 non
898 2988 1033 3029 incisis,
1064 2986 1127 3019 sed
1150 2989 1290 3020 tantum
1310 2987 1419 3030 pictis
1451 2985 1524 3027 (111
1545 2985 1580 3020 S.
1605 2986 1715 3021 44438
1738 2986 1831 3020 vidit

116 3041 350 3087 Hirschfeld).
375 3061 420 3068 —·
455 3045 488 3085 1)
515 3042 570 3084 Cf.
594 3054 707 3088 supra
730 3044 775 3079 Ν.
793 3046 891 3078 2449.
914 3045 1014 3078 2450.
1039 3045 1136 3078 2646.
1161 3044 1251 3078 2650
1276 3047 1340 3076 cet.
