2092 3360
0 3238 14 3360 *γ’

462 167 578 206 Tituli
599 169 697 206 saofi
721 171 758 206 et
780 169 1024 206 sacerdotum.
1047 190 1093 198 —
1116 170 1277 208 Numina.
1299 172 1532 219 Aquitaniae.
1771 177 1853 215 201

253 281 367 329 4521
418 284 491 325 deo
518 283 526 339 Ι
551 282 896 340 Basceialndosso¹
927 284 933 340 Ι
960 284 1161 342 Andoxlus
1189 285 1193 341 Ι
1219 299 1254 327 ν.
1277 301 1309 329 s.
1331 289 1356 329 l.
1378 302 1430 330 m.

254 350 377 384 Melles
396 361 511 395 prope
535 351 587 385 St.
604 348 695 384 Besae
716 362 803 395 rep„
833 356 886 386 est
912 352 1058 387 Tolosae
1091 353 1198 398 (XIII
1217 356 1263 389 26
1287 355 1379 389 vidit
1403 356 1639 402 Hirschfeld).
1663 377 1708 384 —-
1735 360 1768 402 1)
1794 359 1857 394 Vi-

141 406 247 440 detur
270 407 458 450 legendum
482 407 601 442 Bascei
626 407 799 451 Andosso,
823 408 870 449 cf.
893 409 939 444 Ν.
954 411 1056 445 4356.

253 497 369 546 4522
417 501 547 542 Bocco
574 499 580 555 Ι
607 500 840 556 Harausolni
867 500 872 558 Ι
900 503 950 543 Μ.
976 504 1054 544 Val.
1083 502 1088 559 Ι
1116 503 1289 545 Fuscus²
1319 503 1324 561 Ι
1350 518 1386 546 ν.
1409 519 1440 547 s.
1461 506 1486 546 l.
1507 519 1561 548 m.

252 576 391 624 4522ει
413 579 543 621 Bocco
570 577 577 635 Ι
604 580 828 623 Harousoni
855 580 861 637 Ι
888 583 937 623 Μ.
960 583 1138 625 Valerius
1165 582 1171 638 Ι
1197 584 1416 627 Fuscinus¹
1444 583 1451 639 Ι
1476 599 1511 626 v,
1532 599 1564 627 s.
1586 587 1612 627 l.
1634 599 1686 627 m.

253 646 296 679 In
311 648 513 690 Aquitania
528 658 604 691 rep.
620 648 660 681 in
677 659 767 691 agro
786 648 1044 692 Convenarum,
1061 651 1139 686 loco
1158 655 1200 686 ut
1213 653 1421 695 perhibetur
1436 653 1533 687 dicto
1552 647 1728 687 ‘Boucou’
1746 653 1856 699 (com-

137 711 245 735 mune
268 703 312 736 de
334 703 577 749 Sauvelerre),
613 716 702 739 arae
734 706 842 748 duae,
879 708 952 740 iam
987 706 1134 741 Tolosae
1165 708 1269 750 (XIII
1288 709 1343 742 78.
1366 709 1409 742 79
1439 709 1531 742 vidit
1553 709 1787 754 Hirschfeld).
1810 730 1855 737 —

141 760 173 800 1)
195 758 359 802 Frate-es,
383 760 440 793 vel
455 764 564 804 paler
587 761 766 806 filiusque,
790 763 961 796 videntur
984 764 1048 797 hos
1072 765 1199 799 titulos
1223 765 1413 799 dedicasse.

250 862 365 909 4523
413 865 651 922 Borien1no¹
682 867 756 907 deo
782 866 789 922 Ι
816 867 979 908 Monsus
1004 867 1010 923 Ι
1039 868 1203 909 Taurini
1233 870 1259 909 f.
1287 868 1293 922 Ι
1321 882 1355 909 ν.
1387 883 1419 910 s.

249 931 367 974 Prope
391 931 611 975 Lugdunum
630 933 876 968 Convenarum
893 933 1176 981 (Sl.-Bertrand)
1201 947 1276 980 rep.
1302 936 1410 980 (XIII
1420 938 1485 972 504
1511 937 1604 971 vidit
1618 936 1854 981 Hirschfeld).

135 1006 180 1012 —
211 989 243 1024 1)
272 987 395 1021 Tereia
420 989 541 1022 littera
564 988 722 1028 fortasse
743 990 819 1030 suit
840 1001 873 1034 p.

249 1078 364 1126 4524
410 1081 516 1135 Erge
542 1080 548 1137 Ι
574 1083 670 1123 deo¹
701 1082 708 1137 Ι
733 1083 884 1137 Egloge
911 1083 916 1140 Ι
943 1098 976 1126 V.
1008 1099 1040 1126 s.

250 1147 335 1191 Περ.
373 1149 450 1182 loco
487 1149 582 1182 dicto
617 1150 816 1193 Hautaget‚
851 1152 980 1185 deinde
1018 1151 1150 1186 Turbes
1185 1152 1290 1193 (XIII
1317 1153 1384 1188 482
1421 1153 1515 1186 vidit
1549 1152 1783 1198 Hirschfeld).
1808 1172 1853 1177 -——

138 1206 171 1246 1)
196 1204 330 1238 Multae
351 1206 446 1238 aliae
468 1207 596 1239 arulae
618 1207 775 1240 eiusdem
799 1208 858 1240 dei
880 1209 920 1242 in
944 1209 1066 1242 eadem
1089 1211 1238 1252 regione
1261 1212 1435 1253 repertae,
1460 1209 1552 1243 XIII
1568 1210 1642 1243 484.
1659 1209 1723 1243 484
1734 1220 1806 1253 seq.

249 1307 364 1354 4525
392 1307 612 1363 Erditsed.l
636 1313 884 1352 consacran.¹
913 1310 918 1366 Ι
946 1315 1149 1360 (protomus
1172 1318 1266 1351 duae
1290 1329 1369 1352 eum
1390 1321 1516 1358 urceo)
1540 1314 1758 1354 Borodates
1785 1312 1791 1366 Ι
1816 1326 1852 1354 ν.

134 1390 166 1418 s.
197 1377 224 1419 l.
255 1390 308 1417 m.

253 1443 411 1487 Tolosae,
435 1444 500 1477 sed
519 1443 677 1484 fortasse
700 1457 746 1479 ex
768 1447 865 1480 saltu
887 1448 1072 1491 Pyrenaeo
1097 1447 1218 1480 ablata
1244 1447 1333 1488 (XII
1350 1449 1441 1482 5579
1457 1463 1502 1476 =
1519 1448 1609 1482 XIII
1629 1449 1698 1482 597
1721 1449 1775 1481 bis
1799 1448 1856 1481 vel

135 1504 190 1533 ter
214 1501 392 1542 descripta
417 1512 508 1535 saec.
525 1501 766 1546 XVIJXVJI).
789 1522 835 1527 —
861 1505 894 1546 1)
921 1503 1140 1537 consueram·
1163 1503 1228 1548 (cf.
1252 1503 1298 1538 Ν.
1322 1505 1441 1548 4550).

246 1592 361 1639 4526
409 1594 519 1635 Fano
546 1593 552 1650 Ι
579 1595 673 1636 Her.
705 1592 885 1649 Auslcor.
917 1595 1112 1652 Ritselhe¹
1143 1609 1301 1638 sacrum
1328 1599 1334 1648 Ι
1362 1598 1407 1637 G.
1430 1598 1510 1638 Val.
1534 1598 1788 1655 Valelrianus.

247 1662 291 1694 In
321 1662 521 1704 Aquitania
552 1672 626 1695 non
658 1662 765 1705 longe
796 1673 818 1695 a
853 1661 1002 1696 Tardets
1028 1662 1377 1708 (Basses-Qre'nees)
1409 1666 1447 1697 in
1476 1663 1610 1704 finibus
1643 1668 1685 1698 ut
1707 1665 1854 1698 videtur

137 1716 383 1751 Tarbellorum
401 1717 507 1762 (XIII
519 1719 584 1752 409
607 1718 816 1760 Hirschfeld
834 1720 926 1753 vidit
946 1723 1142 1764 ectypum).
1166 1740 1212 1745 —
1238 1722 1270 1763 1)
1296 1720 1356 1754 Sic
1380 1722 1643 1763 interpretatur
1658 1721 1853 1755 Mommsen

133 1774 308 1807 vocabula
331 1775 442 1808 nullis
457 1777 603 1818 punctis
619 1777 735 1810 divisa
742 1789 757 1818 ;
780 1777 823 1810 de
838 1777 968 1811 Auscis
988 1778 1121 1820 populo
1146 1779 1264 1811 vicino
1290 1776 1359 1822 (ibi
1379 1779 1443 1810 ubi
1466 1778 1572 1811 hodie
1586 1779 1708 1820 Auch)
1732 1781 1855 1811 monet

133 1830 350 1868 Hirschfeld.

247 1920 362 1968 4527
400 1923 526 1963 Diane
556 1930 595 1964 et
620 1923 626 1979 Ι
653 1925 854 1964 Horolati¹
885 1923 890 1978 Ι
918 1931 957 1964 et
981 1924 1126 1964 Garre¹
1156 1924 1162 1978 Ι
1189 1925 1263 1964 deo
1293 1924 1499 1977 ΑηΙιιουε2
1525 1925 1530 1980 Ι
1557 1939 1592 1964 v.
1623 1939 1653 1967 s.
1684 1927 1709 1965 1.
1740 1938 1793 1965 m.

248 1990 292 2022 In
321 1990 417 2023 saecu
447 1991 631 2035 Pyrenaeo
662 1992 726 2024 sub
756 1992 940 2024 radicibus
968 1993 1101 2024 montis
1128 1990 1202 2024 Gar
1231 1993 1270 2023 in
1301 1994 1380 2024 vico
1414 1992 1549 2026 Chaum
1580 2002 1657 2035 rep.
1683 1991 1790 2035 (XIII
1809 1994 1852 2026 60

133 2047 225 2079 vidit
240 2044 476 2091 Hirschfeld).
493 2065 540 2072 —
567 2048 598 2089 1)
624 2047 781 2080 Deorum
805 2048 892 2080 haec
915 2049 1064 2080 nomina
1088 2049 1240 2090 agnosci
1263 2048 1301 2081 in
1324 2050 1530 2082 nominibus
1554 2050 1714 2082 locorum
1730 2059 1853 2082 recen-

135 2098 251 2135 tibus‘
261 2096 341 2136 Ore’
359 2106 394 2135 et
409 2100 459 2135 ‘le
473 2105 534 2145 pic
551 2103 594 2136 de
613 2097 697 2136 Gar'
712 2107 930 2137 monuerunt
946 2103 1110 2137 editores.
1126 2122 1169 2128 —
1189 2104 1223 2145 2)
1240 2103 1338 2137 Idem
1353 2115 1481 2138 nomen
1497 2106 1654 2138 hominis
1669 2104 1758 2139 XIII
1771 2105 1850 2140 315.

247 2193 364 2242 4528
411 2196 551 2236 llixoni
579 2194 584 2249 Ι
610 2196 706 2236 de0¹
736 2195 741 2251 Ι
768 2195 864 2236 Fab.
895 2195 1008 2236 Festa
1035 2195 1041 2250 Ι
1069 2208 1103 2235 v,
1133 2209 1165 2236 s.
1196 2195 1222 2234 l.
1253 2208 1306 2235 m.

248 2262 398 2296 Luchon
427 2274 512 2306 rep„
549 2266 600 2295 est
622 2263 775 2296 Parisiis
806 2262 910 2306 (XIII
931 2263 1000 2296 545
1030 2262 1123 2294 vidit
1144 2260 1378 2304 Hirschfeld).
1413 2282 1457 2288 -
1498 2265 1530 2305 1)
1553 2262 1681 2296 Eidem
1704 2265 1851 2297 numini

134 2319 295 2353 dedicati
316 2323 401 2352 sunt
425 2321 534 2352 etiam
559 2319 659 2352 tituli
680 2319 771 2353 XIII
788 2320 866 2354 546.
889 2319 958 2354 547
980 2318 1102 2351 eodem
1126 2319 1203 2352 loco
1227 2321 1374 2360 reperti.

248 2410 364 2458 4529
424 2410 690 2468 δεουυᾱίυΙυε
720 2410 904 2465 ὃθοιωΙᾱί
934 2409 1132 2468 llunn[o]¹
1161 2411 1167 2467 Ι
1193 2425 1229 2451 v.
1259 2425 1291 2452 s.
1321 2411 1348 2451 l.
1370 2423 1422 2451 m.

247 2489 387 2538 4529·
424 2493 519 2534 Asto
552 2491 731 2547 [ΙυιιΙηοι
762 2491 836 2532 deo
863 2490 869 2546 Ι
896 2490 938 2532 C.
959 2491 1104 2532 Fabius
1130 2493 1137 2542 Ι
1162 2491 1346 2532 Lascivos
1373 2489 1378 2544 Ι
1404 2503 1439 2529 v.
1471 2503 1502 2530 s.
1533 2490 1559 2529 l.
1589 2502 1643 2529 m.

246 2560 345 2593 Arae
367 2559 471 2601 duae,
502 2559 567 2593 illa
593 2557 752 2593 sse-Beue
773 2570 861 2602 rep„
892 2560 978 2591 haec
1000 2568 1116 2602 prope
1140 2558 1289 2591 eundem
1319 2557 1435 2590 locum
1458 2556 1515 2589 vel
1537 2559 1631 2590 certe
1661 2559 1702 2589 in
1725 2557 1848 2590 eadem

134 2618 282 2658 regione
306 2615 413 2661 (XIII
431 2617 489 2651 27.
513 2616 558 2651 51
582 2619 773 2659 utramque
796 2615 888 2648 vidit
913 2613 1145 2656 Hirschfeld).
1168 2633 1215 2639 —-
1242 2614 1274 2655 1)
1302 2612 1357 2653 Cf.
1379 2611 1425 2646 Ν.
1441 2614 1543 2647 4556.

245 2705 364 2752 453⁰
420 2706 541 2747 Lahe¹
569 2705 575 2761 Ι
602 2706 697 2747 deae
725 2705 730 2760 Ι
757 2705 1031 2761 consalcrani?

246 2784 385 2832 4530·
418 2785 539 2826 Lahe¹
566 2785 572 2841 Ι
599 2798 672 2839 pro
702 2786 850 2826 salutae
878 2788 962 2832 (sic)
998 2781 1004 2839 Ι
1040 2783 1292 2823 dominorum
1327 2780 1332 2835 Ι
1366 2781 1416 2821 Μ.
1439 2781 1561 2822 lulius
1588 2780 1594 2835 Ι
1620 2781 1811 2823 Geminus
1838 2779 1846 2838 Ι

132 2867 168 2895 ν.
199 2867 231 2895 ⁸·
248 2854 659 2965 hlIarTgtnac-las-Peyres
692 2931 786 2964 rep„
821 2923 872 2953 est
906 2918 1055 2953 Tolosae
1091 2917 1197 2962 (XIII
1225 2917 1297 2951 447.
1327 2918 1388 2951 444
1423 2917 1514 2950 vidit
1545 2915 1778 2958 Hirschfeld).
1801 2935 1847 2941 —

138 2978 169 3018 1)
193 2976 320 3010 Eidem
345 2979 488 3011 numini
517 2979 627 3011 etiam
659 2977 726 3011 alii
755 2977 857 3010 tituli
888 2978 928 3009 in
953 2975 1020 3008 hac
1043 2976 1191 3018 regione
1219 2976 1332 3018 posili
1354 2976 1441 3007 sunt
1473 2972 1579 3015 (XIII
1598 2974 1662 3008 142
1676 2976 1776 3017 seq.).
1800 2991 1846 2998 -

135 3033 169 3069 2)
195 3031 250 3072 Gf.
273 3032 319 3067 N.
341 3034 443 3068 4525.
