2092 3360
561 171 676 209 Tituli
698 172 924 218 pertinentes
951 172 1000 209 ad
1022 172 1142 210 ludos.
1168 192 1213 198 —
1243 172 1486 210 Gladiatores.
1802 174 1883 214 307

288 285 400 332 5144
458 288 725 329 dedicatione¹
762 287 767 343 Ι
810 318 952 329 .....
974 287 1089 329 rum²
1130 289 1333 329 muneris⁸
1373 288 1443 330 Cn.
1475 289 1573 330 Allei
1601 290 1731 343 Nigidi
1762 290 1849 339 Mai,
1879 288 1884 346 Ι

175 386 184 395 .
203 385 212 395 .
231 386 240 395 .
261 356 416 396 venatio
448 356 616 397 athletae
645 357 871 410 sparsiones
900 357 983 397 vela
1011 363 1141 397 erunt.
1171 355 1176 410 Ι
1203 362 1253 402 (Α
1270 362 1397 405 latere)
1419 357 1520 398 Maio
1546 356 1553 413 Ι
1579 358 1750 412 principi
1777 359 1885 399 colo·

175 424 275 472 niae,
304 421 310 477 Ι
336 423 516 465 feliciter.

290 490 466 534 Pompeiis
487 493 623 534 pictum
647 492 686 524 in
708 492 850 535 pariete
872 491 1094 525 thermarum
1115 490 1193 534 (W
1203 491 1286 525 4477
1309 491 1501 535 aliquoties
1525 491 1704 536 descripta
1729 502 1809 527 cum
1832 504 1886 527 re-

173 550 276 591 perta
292 551 345 581 est
360 558 457 582 anno
472 547 572 591 4824,
595 558 692 581 nunc
707 548 882 592 evanuit).
909 566 955 573 —
981 549 1013 591 1)
1037 547 1140 581 Intra
1167 559 1187 582 o
1212 548 1370 582 litteram
1394 549 1503 582 liuius
1525 548 1691 582 vocabuli
1705 550 1887 583 intrusum

176 607 228 637 est
251 603 362 648 Poly„
389 603 544 643 fortasse
565 606 756 648 scriptoris
778 615 917 639 nomen.
954 624 998 629 —
1034 606 1070 647 2)
1094 603 1352 646 [Thermahum
1375 605 1631 648 suppleverunt
1654 606 1811 649 quidam,
1833 609 1888 640 in-

176 664 311 694 certum
333 664 456 694 utrum
479 664 577 694 recte
600 672 647 694 an
672 672 755 696 non.
781 681 827 686 —
852 663 887 703 3)
911 662 965 694 De
989 662 1138 695 lectione
1162 661 1306 694 dubitat
1327 657 1606 704 Zangemeister.

291 741 406 788 5145
452 743 498 783 Ι).
520 743 703 783 Lucreti¹
731 740 737 797 Ι
771 743 873 783 Satri
897 742 1069 783 Valentis
1098 743 1266 783 flaminis
1296 743 1465 783 Neronis
1486 744 1660 784 Caesaris
1680 746 1776 796 Aug.
1802 745 1860 785 fili
1882 742 1890 789 Ι

178 811 387 864 perpetui²
424 810 685 864 gladiatorum
727 811 835 863 paria
865 810 956 859 XX,
1002 817 1041 851 et
1080 811 1125 851 D.
1156 810 1342 851 Lucretio
1361 813 1446 859 (sic)
1476 811 1651 866 Valentis
1690 813 1747 852 ssli
1787 812 1888 865 glad.

178 879 286 931 paria
308 879 359 926 Χ,
390 892 484 932 pug.
505 879 691 932 Pompeis
712 878 760 918 Vl
782 878 814 916 V
835 877 884 917 1v
906 877 959 917 ΙΙΙ
981 890 1042 930 pr.
1064 878 1152 918 Idus
1173 879 1290 931 Apr.;
1319 880 1474 920 venatio
1505 880 1677 933 legitima
1703 878 1709 936 Ι
1737 886 1777 921 et
1805 881 1890 921 vela

178 954 310 988 erunt.
341 956 391 1000 (Α
415 957 543 1000 latere)
574 958 651 987 scr.
679 943 685 1001 Ι
710 946 900 987 Aemilius
926 943 932 1000 Ι
959 945 1096 987 Celer³
1126 947 1228 1000 sing.
1256 948 1263 998 Ι
1288 946 1336 987 ad
1366 947 1474 988 luna.

294 1015 470 1058 Pompeiis
489 1015 628 1058 pictum
650 1015 689 1046 in
703 1011 829 1054 fronte
851 1013 978 1046 domus
997 1014 1168 1056 privatae
1185 1012 1346 1058 (Notizie
1362 1014 1461 1058 degli
1474 1017 1573 1048 :cavi
1587 1014 1674 1050 4880
1687 1026 1723 1060 p.
1739 1016 1818 1058 299,
1843 1015 1891 1057 cll

178 1069 297 1106 noem.
322 1070 438 1105 Mitch.
460 1070 548 1105 4889
570 1081 604 1114 p.
621 1069 714 1114 449).
761 1070 822 1104 Ex
845 1069 961 1103 altero
986 1070 1148 1114 exemplo
1179 1070 1333 1104 eiusdem
1360 1074 1647 1115 programmatis
1668 1072 1813 1107 videtur
1834 1083 1892 1107 su-

176 1138 315 1170 peresse
339 1126 396 1161 IV
413 1127 510 1161 4485.
546 1145 591 1152 -
630 1127 663 1169 1)
687 1126 791 1160 Intra
823 1137 842 1161 c
873 1126 1031 1160 litteram
1064 1127 1170 1160 liuius
1200 1128 1367 1162 vocabuli
1396 1130 1592 1172 scriptum:
1623 1139 1688 1163 scr.
1712 1129 1818 1164 Celer.
1846 1148 1893 1154 —-

180 1185 214 1227 2)
237 1184 393 1218 Flamen
406 1187 601 1228 perpetuus
615 1182 691 1224 s'uit
706 1182 862 1217 Neronis
876 1184 974 1217 inter
990 1194 1024 1218 a.
1038 1184 1081 1217 51
1099 1187 1134 1217 et
1147 1185 1192 1218 54
1209 1183 1272 1228 (cll
1290 1195 1401 1228 supra
1417 1184 1463 1220 N.
1479 1185 1572 1227 222,
1587 1185 1636 1230 4).
1660 1204 1704 1210 -
1728 1187 1762 1228 3)
1786 1186 1894 1219 Eius-

180 1241 259 1274 dem
274 1240 425 1274 Aemilii
442 1240 575 1275 Celeris
597 1250 737 1283 nomen,
761 1239 859 1283 quod
872 1242 1029 1284 scriptor
1052 1242 1161 1274 etiam
1183 1243 1223 1274 in
1242 1242 1366 1285 prima
1391 1241 1487 1275 linea
1511 1243 1618 1275 huius
1640 1244 1894 1286 inscriptionis

179 1297 342 1331 indicare
356 1298 472 1331 voluit
488 1295 554 1338 (cf.
572 1300 644 1331 not.
661 1297 712 1341 1),
730 1297 866 1339 passim
882 1299 1066 1340 reperitur
1089 1299 1124 1331 et
1142 1299 1283 1341 pictum
1307 1302 1342 1331 et
1363 1300 1609 1343 scariphatum
1631 1300 1674 1332 in
1693 1301 1894 1343 parietibus

179 1355 252 1387 vici
272 1353 374 1387 illius
397 1354 606 1397 Pompeiani
630 1352 695 1394 (cf.
720 1353 806 1386 Mau
831 1352 948 1387 noem.
967 1354 1086 1388 Mittlz.
1113 1355 1136 1388 l.
1155 1355 1214 1399 c.).

294 1433 407 1479 5146
455 1436 609 1476 numini
638 1433 643 1489 Ι
670 1435 855 1487 Augusti!
884 1434 889 1489 Ι
923 1436 1023 1487 glad.
1055 1449 1138 1489 par.
1163 1436 1234 1477 XX
1264 1443 1303 1476 et
1332 1437 1489 1477 venatio
1519 1436 1595 1477 da.¹
1615 1440 1698 1486 (sic)
1730 1438 1894 1490 Pompei

179 1504 347 1543 flaminis
377 1503 601 1555 Augustalis
629 1501 633 1557 Ι
661 1503 835 1556 pugnab.
868 1502 1072 1544 Constant.
1102 1502 1270 1544 Nucer.²
1302 1505 1356 1544 ΙΙΙ
1386 1517 1447 1558 pr.
1474 1518 1585 1553 non„
1613 1507 1619 1556 1
1647 1506 1777 1555 nonis,
1808 1506 1894 1547 VllI

183 1567 319 1612 eidus³
348 1571 481 1612 Maias.
510 1570 515 1625 Ι
600 1572 790 1612 Nucerini
823 1572 951 1612 officia
983 1585 1069 1612 mea
1100 1579 1210 1613 certo
1240 1572 1396 1613 index⁴.

284 1639 460 1681 Pompeiis
476 1643 582 1672 extra
596 1641 753 1683 portam,
769 1649 840 1682 qua
854 1638 1050 1673 Nuceriam
1067 1641 1138 1672 iter
1153 1642 1243 1681 erat,
1260 1641 1398 1683 pictum
1414 1641 1455 1673 in
1467 1641 1608 1684 pariete
1622 1641 1780 1684 sepulcri
1792 1639 1895 1686 (Mau

182 1693 300 1729 Boem.
317 1693 436 1729 Mittlt.
449 1696 486 1736 5,
502 1696 591 1729 4888
600 1706 640 1739 p.
651 1695 746 1739 445).
769 1714 816 1720 --
842 1697 874 1739 1)
897 1694 1109 1739 Requiritur
1121 1707 1340 1740 praenomen
1356 1697 1526 1740 Pompeii.
1542 1715 1587 1722 —
1613 1698 1647 1740 2)
1670 1697 1724 1730 De
1734 1696 1897 1732 Nuceria

186 1751 397 1785 Constantia
421 1750 469 1791 cll
496 1751 627 1786 0.1.L.
650 1751 683 1785 X
703 1763 739 1795 p.
755 1752 833 1786 424.
856 1770 903 1777 --
926 1754 962 1795 3)
984 1752 1080 1786 Nota
1103 1754 1323 1796 scripturam
1345 1749 1531 1786 vetustam.
1546 1772 1589 1778 —
1614 1755 1650 1796 4)
1674 1753 1798 1787 Lectio
1822 1765 1895 1787 non

184 1810 329 1841 omnino
353 1811 463 1849 certa,
485 1818 608 1842 sensus
630 1811 726 1842 certe
749 1809 989 1842 obscurus.—
1011 1810 1283 1852 programmate
1306 1811 1374 1843 hoc
1395 1810 1602 1843 invitantur
1616 1811 1824 1854 Pompeiani
1847 1811 1897 1844 ad

184 1864 290 1898 ludos
313 1863 555 1907 gladiatorios
583 1863 768 1899 Nuceriae
799 1865 1021 1908 spectandos.
1069 1866 1247 1900 Similiter
1269 1865 1446 1900 Nucerini
1468 1866 1645 1910 Pompeiis
1671 1866 1897 1910 gladiatores

182 1924 343 1965 spectare
365 1922 544 1964 solebant,
566 1922 663 1956 unde
685 1933 720 1956 a.
734 1923 780 1956 59
802 1923 909 1955 rixae
923 1923 1022 1955 inter
1035 1925 1207 1966 utrosque
1230 1926 1266 1955 et
1289 1923 1412 1956 caedes
1436 1925 1534 1965 orta,
1558 1923 1601 1956 de
1617 1924 1745 1966 quibus
1765 1927 1898 1958 narrat

188 1977 335 2012 Tacitus
349 1988 434 2012 ann.
446 1978 500 2021 44,
510 1977 552 2012 47
577 1981 612 2012 et
627 1988 782 2022 quarum
796 1980 1039 2012 meminerunt
1054 1980 1162 2012 etiam
1178 1980 1432 2022 inscriptiones
1444 1981 1666 2023 parietur-iae
1682 1978 1747 2025 (cll
1765 1980 1800 2014 0.
1813 1980 1842 2014 1.
1854 1980 1896 2014 L.

185 2035 221 2069 X
237 2045 274 2078 p.
289 2035 361 2079 90).
378 2053 424 2059 -
446 2035 532 2068 Alia
554 2037 827 2077 programmata
851 2036 960 2067 huius
980 2037 1127 2077 generis
1149 2036 1368 2078 Pompeiana
1395 2035 1431 2070 0.
1446 2036 1473 2070 1.
1487 2035 1527 2070 L.
1552 2036 1613 2070 IV
1621 2037 1706 2071 4480
1717 2049 1789 2081 seq.

301 2124 414 2171 5147
472 2127 546 2167 hec
581 2127 737 2167 venatio
776 2127 980 2180 pugnabet
1008 2127 1040 2166 V
1071 2127 1108 2168 k.
1141 2128 1410 2181 Septembres,
1450 2127 1456 2183 Ι
1498 2134 1537 2168 et
1566 2128 1675 2169 Felix
1703 2129 1751 2168 ad
1781 2141 1897 2170 ursos

188 2194 405 2248 pugnabet.

292 2262 470 2304 Pompeiis
483 2262 730 2305 scariphatum
745 2263 786 2295 in
799 2265 938 2304 pariete
955 2263 1032 2302 (JV
1039 2263 1127 2297 4989
1137 2274 1174 2307 p.
1186 2264 1252 2298 244
1270 2265 1342 2297 tab.
1353 2263 1425 2297 XII
1440 2264 1479 2297 40
1495 2263 1586 2296 vidit
1597 2263 1895 2308 Zangemeister).

303 2341 417 2387 5148
469 2343 559 2383 coll.
592 2349 766 2384 venator.
794 2343 801 2397 Ι
834 2342 1046 2384 Deensium
1078 2345 1145 2396 qui
1176 2341 1408 2399 milnisterio
1439 2345 1642 2385 arenario¹
1670 2343 1675 2400 Ι
1709 2346 1897 2397 iungunt.

190 2408 261 2468 [L]
295 2412 333 2452 d.
364 2423 412 2451 ex
441 2411 479 2451 d.
510 2424 543 2452 s.
573 2410 641 2450 V².

303 2477 483 2518 Beaul'ort
504 2479 545 2511 in
567 2479 715 2521 regione
738 2477 870 2511 Deensi
895 2477 1033 2512 Galliae
1056 2477 1302 2513 Narbonensis
1324 2490 1399 2523 rep.
1429 2478 1518 2523 (XII
1537 2480 1624 2513 4590
1644 2482 1784 2523 partem
1808 2480 1900 2513 vidit

191 2534 423 2578 Hirschfeld).
435 2554 479 2559 —
495 2536 527 2577 1)
545 2535 638 2578 Apte
654 2534 806 2568 contulit
818 2535 959 2577 primus
975 2535 1092 2569 editor
1108 2535 1243 2579 (Long)
1262 2536 1360 2570 Suet.
1377 2535 1462 2569 Ner.
1478 2536 1542 2570 42:
1566 2534 1786 2575 confectores
1800 2534 1899 2575 fera-

189 2602 270 2626 rum
295 2595 328 2625 et
351 2595 457 2625 varia
482 2592 638 2625 harenae
659 2592 862 2624 ministeria
869 2604 882 2633 ,-
906 2590 954 2631 cll
972 2593 1080 2625 etiam
1096 2602 1207 2636 supra
1223 2591 1271 2627 N.
1285 2593 1377 2627 3548
1391 2595 1466 2626 not.
1483 2593 1515 2626 4.
1532 2611 1576 2617 -
1599 2593 1634 2634 2)
1659 2591 1775 2626 Locus
1791 2593 1899 2626 datus

191 2659 237 2682 esc
260 2648 401 2682 decreto
425 2651 571 2681 senatus
594 2647 864 2682 Vocontiorum.

305 2727 421 2774 5149
467 2729 503 2769 d.
536 2741 587 2769 m.
618 2742 648 2770 s.
676 2728 682 2783 Ι
711 2726 928 2784 Cornelilus
957 2726 1202 2784 Vincelntius
1232 2727 1391 2785 halrene
1422 2726 1631 2783 alulmnus‚
1662 2730 1735 2770 vix.
1761 2729 1769 2785 Ι
1796 2710 1899 2787 3Ιῖι]ἶ-

194 2794 290 2854 n[i]s
311 2827 321 2837 .
344 2827 354 2837 .
377 2828 387 2837 .
419 2810 494 2838 me.
517 2797 570 2838 111
597 2797 602 2852 Ι
630 2797 666 2837 d.
689 2798 745 2846 X,
776 2793 996 2853 Baberiu[s]
1023 2796 1028 2851 Ι
1056 2804 1170 2850 pater
1199 2798 1291 2840 filio.

310 2863 475 2897 Theveste
499 2863 605 2909 (Vm
628 2863 663 2898 s.
682 2864 790 2898 46565
815 2863 918 2908 vidi).

307 2942 420 2989 5150
829 2944 866 2984 d.
898 2957 949 2983 m.
981 2958 1011 2984 s.
1039 2943 1045 2998 Ι

467 3012 609 3053 Substa
621 3014 646 3063 ¹,
676 3025 855 3067 praecor,
886 3012 1046 3065 paulum
1078 3012 1263 3052 festinas²
1293 3012 1351 3052 ire
1381 3013 1504 3054 viator
1530 3012 1535 3067 Ι

467 3087 506 3120 et
536 3093 644 3121 maea
682 3088 773 3134 post
802 3079 982 3121 hobitum
1011 3080 1188 3132 rogantis
1218 3080 1385 3133 concipe
1415 3080 1546 3130 verba,
1573 3079 1580 3134 Ι

1560 3147 1627 3182 20*
