2092 3360
265 177 289 213 2
1013 174 1132 220 Caput
1153 174 1216 210 XI.

378 287 492 335 2964
541 289 732 330 Lavernai
761 289 945 341 pocolom
977 298 1090 342 (puer
1113 300 1232 333 alatus
1257 300 1290 336 d.
1314 309 1466 342 ramum,
1489 311 1517 334 s.
1539 302 1705 343 pateram
1729 299 1879 344 tenens).
1911 310 1915 312 ·

380 356 423 390 In
445 358 573 399 patera
597 354 704 395 fictili
726 355 846 397 nigra,
870 355 1006 388 Hortae
1021 364 1107 398 rep„
1131 366 1229 390 nune
1243 355 1375 390 Romae
1392 356 1430 397 (Ι
1441 355 1483 390 47
1499 355 1694 390 delineavit
1707 354 1844 390 Ritsehl
1858 355 1975 391 wax

262 412 326 456 fig·
351 412 488 525 02965
539 475 773 533 Me[nervae]
807 483 863 516 vel
890 475 1081 533 Me[rcuri
1106 477 1304 536 ροσοῑοφη]Ι

378 548 419 580 In
443 544 651 587 fragmento
679 547 828 587 paterae
850 544 987 586 similis,
1021 544 1152 577 litteris
1182 545 1270 578 lutei
1299 546 1442 588 eoloris,
1471 546 1602 581 Romae
1625 548 1665 580 in
1688 546 1864 591 Esquiliis
1894 556 1971 590 rep.

267 603 358 647 (XV
374 601 459 636 6487
481 617 526 631 ==
550 601 643 635 Ann.
668 602 752 635 inst.
777 602 875 634 arch.
899 601 985 634 4880
1010 601 1080 634 tab.
1097 599 1127 633 R
1149 599 1213 643 fig.
1229 602 1250 634 6
1274 601 1468 635 delineavit
1489 602 1662 648 Dressel).

377 668 491 716 2966
539 669 723 711 Saeturni
752 669 949 723 pocolom.

379 739 423 771 In
446 746 554 770 urceo
578 736 696 778 fictili,
725 737 884 769 incertae
908 736 1075 778 originis,
1105 735 1317 768 servabatur
1340 733 1474 769 Romae
1498 736 1533 778 (1
1554 736 1598 771 48
1621 737 1817 772 delineavit
1838 737 1976 772 Ritsehl

266 797 335 830 tab.
353 794 386 828 Χ
411 793 474 836 fig.
492 793 543 837 a).

378 861 492 908 2967
542 861 692 902 Salutes
721 861 905 914 pocolom
937 869 1044 913 (puer
1067 870 1185 903 alatus
1210 871 1308 903 timis
1332 873 1491 911 canens).

381 930 423 963 In
437 931 565 972 patera
583 929 703 970 nigra,
727 927 860 961 Hortae
876 937 961 970 rep„
985 936 1081 959 nunc
1096 925 1228 959 Romae
1245 927 1282 967 (Ι
1292 928 1335 960 49
1352 926 1546 960 delineavit
1560 926 1702 961 Ritsehl
1717 929 1788 962 tab.
1802 928 1837 962 X
1848 927 1912 971 fig.
1925 927 1974 973 s).

379 996 495 1043 2968
542 997 656 1037 Vesta
668 997 678 1018 ¹
710 996 865 1048 pocolo.

383 1066 425 1098 In
448 1065 656 1106 fragmento
680 1064 782 1096 urcei
803 1064 940 1103 striati,
965 1062 1125 1095 Lanuvii
1146 1073 1232 1106 rep„
1257 1064 1309 1095 est
1330 1063 1370 1094 in
1393 1072 1511 1096 museo
1534 1063 1747 1096 Britannico
1767 1063 1979 1106 (delineavit

268 1122 394 1155 Pascal
415 1119 558 1154 Notizie
583 1120 680 1162 degli
702 1121 801 1153 seavi
817 1119 903 1153 1895
925 1130 961 1163 p.
976 1121 1040 1161 45;
1064 1118 1111 1159 ef.
1127 1119 1251 1154 Jahrb.
1268 1118 1328 1151 des
1344 1118 1523 1152 arehaeol.
1539 1119 1705 1152 Instituts
1720 1118 1808 1153 4897
1827 1129 1863 1162 p.
1879 1118 1976 1164 493).

266 1197 310 1203 -—
339 1179 370 1220 1)
395 1176 512 1210 Vestai
535 1177 656 1210 Jahrb.

381 1255 495 1303 2969
543 1256 706 1296 Volcani
735 1255 919 1308 pocolom
951 1265 1058 1310 (puer
1074 1266 1190 1299 alatus
1213 1265 1496 1308 unguentarium
1518 1268 1560 1298 ut
1578 1265 1722 1298 videtur
1740 1268 1871 1309 tenens,
1894 1268 1977 1299 ante

268 1335 348 1358 eum
372 1325 494 1357 herma
520 1324 689 1356 barbatus
713 1323 831 1355 nescio
857 1323 945 1365 quid
965 1324 1005 1356 in
1029 1325 1146 1366 eapite
1165 1321 1339 1365 gestans).

383 1381 426 1414 In
444 1383 574 1423 patera
597 1381 717 1422 nigra,
746 1378 954 1421 Tarquiniis
977 1389 1064 1422 rep„
1091 1382 1143 1411 est
1165 1379 1330 1412 Berolini
1354 1377 1392 1422 (I
1410 1379 1454 1411 50
1480 1377 1671 1411 delineavit
1692 1376 1831 1411 Ricscm
1854 1378 1928 1413 tab.
1945 1378 1981 1412 X

267 1436 331 1479 fig.
350 1446 388 1478 e;
414 1435 463 1475 cf.
489 1436 623 1469 Jordan
648 1445 731 1469 ann.
756 1437 839 1470 inst.
865 1435 949 1468 4884
971 1445 1005 1478 p.
1022 1435 1122 1479 358).

381 1548 496 1596 2970
546 1550 750 1604 Apolenei.

381 1617 492 1663 2971
543 1617 652 1658 Fide.

381 1684 497 1731 2972
545 1685 712 1725 Iunone.

384 1752 499 1799 2973
548 1753 648 1793 Iuno
679 1748 901 1804 Lolucinak

384 1819 499 1866 2974
548 1821 638 1860 Mat.
670 1816 817 1870 Mlatut.

381 1887 495 1934 2975
546 1889 691 1928 Salute.

383 1953 498 2000 2976
547 1956 631 1995 Dei.
663 1955 853 2008 Marilca².

382 2021 495 2066 2977
545 2024 650 2063 Deiv.
685 2020 869 2079 [N]0[v]e
900 2023 1014 2063 sede⁸
1040 2020 1046 2076 Ι
1073 2022 1134 2062 P.⁴
1163 2022 1310 2074 Popaio
1341 2023 1457 2075 Pop.⁵
1487 2024 1512 2062 f.

381 2089 506 2154 2978ἱ
546 2091 683 2131 Cesula
712 2089 717 2143 Ι
743 2091 857 2131 Atilia
884 2089 888 2144 Ι
917 2091 1024 2131 donu
1052 2090 1057 2145 Ι
1085 2087 1179 2145 da[t]
1212 2090 1349 2130 Diane.

382 2156 497 2203 2979
544 2157 715 2198 Feronia
744 2156 748 2210 Ι
776 2158 855 2197 Sta.
877 2158 1013 2197 Τεῑὶο6
1041 2156 1046 2211 Ι
1073 2158 1183 2197 dede.

383 2223 499 2270 2980
547 2225 702 2265 Iunone
731 2225 831 2276 reg.⁷
857 2223 864 2277 Ι
890 2230 1070 2264 matrona
1096 2222 1101 2278 Ι
1130 2224 1355 2264 Pisaurese⁸
1383 2221 1388 2278 Ι
1415 2223 1521 2263 dono
1552 2222 1704 2264 dedrot.

346 2300 351 2304 ’
383 2291 496 2338 2981
548 2293 671 2333 Matre
708 2291 712 2346 Ι
750 2292 896 2332 Matuta
932 2291 937 2346 Ι
979 2292 1085 2331 dono
1116 2289 1269 2345 dedrol
1310 2296 1501 2331 matrona.
1537 2288 1542 2345 Ι
1580 2289 1646 2330 Μ’.
1679 2290 1808 2341 Curia,
1843 2288 1850 2344 Ι
1883 2290 1978 2331 Pola

274 2361 376 2400 Livia
403 2359 408 2414 Ι
436 2360 568 2404 deda⁹,

384 2426 500 2473 2982
549 2457 559 2468 .
577 2458 586 2468 .
606 2457 643 2467 ..
673 2425 678 2480 Ι
706 2426 879 2467 Nomelia
906 2423 912 2480 Ι
939 2426 1049 2466 dede.

385 2494 499 2539 2983
547 2495 677 2535 Lebro
689 2494 728 2534 ¹⁰.

388 2563 503 2604 Prope
523 2563 712 2595 Pisaurum
736 2572 820 2604 rep„
845 2562 943 2603 cippi
962 2560 1192 2604 pyramidum
1217 2561 1350 2594 similes
1372 2570 1484 2603 supra
1509 2562 1720 2592 aranearum
1745 2559 1781 2600 (1
1793 2558 1978 2594 167-480.

273 2618 325 2652 XI
346 2619 588 2653 6290—6305
618 2618 711 2651 vidit
740 2618 943 2658 Bor-mann5
979 2616 1173 2650 delineavit
1202 2616 1339 2651 Rz‘tselzl
1369 2618 1439 2653 tab.
1461 2615 1589 2650 XLIII.
1629 2614 1780 2659 XLIV).
1841 2614 1980 2649 Titulos

274 2685 310 2709 n.
326 2674 562 2716 2970—2975‚
593 2676 633 2707 in
658 2675 785 2717 quihus
809 2673 906 2706 nuda
932 2673 1078 2707 deorum
1109 2675 1255 2707 nomina
1284 2676 1384 2715 sunt,
1419 2671 1542 2716 paullo
1575 2673 1797 2715 antiquiores
1829 2671 1979 2715 reliquis

272 2734 377 2774 putat
394 2732 586 2764 Bormann.
603 2732 707 2771 --1)
733 2730 912 2772 Quattuor
933 2733 1133 2773 postremae
1157 2730 1297 2764 litterae
1321 2731 1359 2763 in
1384 2729 1494 2762 latere
1519 2727 1648 2772 lapidis
1672 2728 1855 2769 (similiter
1870 2729 1979 2761 etiam

275 2789 313 2820 in
337 2786 382 2820 N.
399 2787 497 2821 2974.
515 2787 613 2821 2976.
628 2787 717 2821 2977
740 2787 877 2829 singuli
899 2797 1021 2819 versus
1044 2788 1083 2819 in
1109 2786 1203 2820 latus
1227 2786 1358 2829 lapidis
1381 2784 1609 2828 excurrunt).
1633 2803 1679 2809 —
1707 2785 1741 2826 2)
1764 2784 1879 2817 Deiva
1902 2782 1979 2817 Μα-

274 2846 350 2877 rica
371 2843 491 2886 (deam
508 2845 600 2877 hane
615 2846 815 2876 memorant
827 2843 934 2886 Verg.
948 2843 1038 2878 Aen.
1051 2843 1083 2884 7,
1096 2842 1137 2876 47
1149 2842 1311 2886 aliique).
1334 2860 1380 2866 —-
1405 2842 1438 2884 3)
1453 2841 1565 2874 Divos
1580 2839 1814 2874 Novemsedes
1829 2841 1981 2883 agnovit

274 2900 464 2933 Mommsen
497 2900 631 2942 (prima
655 2903 689 2932 et
714 2900 819 2933 tertia
845 2900 966 2933 littera
989 2901 1028 2933 in
1053 2899 1172 2943 lapide
1194 2909 1267 2931 non
1291 2900 1556 2940 agnoscuntur5
1583 2899 1756 2940 punctum
1780 2899 1867 2930 ante
1897 2895 1979 2930 sede

276 2958 410 2990 eertum
442 2956 521 2999 est).
569 2955 656 2989 Esos
686 2955 865 2990 Novesede
896 2965 1000 3000 pesco
1030 2966 1132 3000 pacre
1162 2958 1214 2989 est
1242 2956 1281 2988 in
1315 2953 1443 2988 tabella
1468 2953 1624 2987 Marsica
1655 2963 1762 2997 quam
1789 2952 1980 2987 ediderunt

276 3011 467 3045 Mommsen
490 3012 674 3046 unterital.
692 3012 786 3046 Dial.
808 3023 846 3055 p.
863 3012 934 3047 529
959 3015 993 3045 et
1015 3012 1198 3053 Zvetaieff
1213 3012 1323 3045 inser.
1349 3010 1429 3044 Ital.
1453 3010 1543 3044 med.
1569 3009 1745 3044 dialectie.
1771 3010 1843 3043 tab.
1869 3008 1925 3043 VI
1941 3010 1976 3043 ὃ.

276 3069 464 3103 Praeterea
502 3067 549 3108 cll
587 3069 629 3101 de
665 3068 734 3101 diis
769 3067 1029 3103 Novensidibus
1063 3072 1137 3103 sive
1171 3071 1214 3102 ut
1243 3067 1455 3112 plerumque
1489 3066 1701 3100 dicebantur
1736 3065 1980 3101 novensilibus
