2092 3360
509 159 625 197 Tituli
649 160 747 198 sacri
769 162 808 197 et
830 160 1074 198 sacerdotum,
1098 180 1145 186 —
1168 160 1238 197 Isis
1262 163 1301 198 et
1323 159 1482 207 Serapis.
1767 161 1849 200 181
1905 170 1907 172 ’

219 291 222 293 ·
245 273 370 321 4888
408 276 586 330 Sarapidi
613 273 619 331 Ι
645 276 719 317 deo
740 276 909 317 maximo
934 274 943 330 Ι
970 277 1029 317 Ti.
1051 276 1106 317 Cl.
1128 277 1364 330 Sarapiacus
1389 275 1395 331 Ι
1422 276 1606 318 sacerdos
1635 288 1727 317 cum
1756 275 1851 332 sulis

135 344 286 385 donum
318 344 425 385 dedit
450 340 458 398 Ι
483 344 521 385 d.
552 344 590 385 d.

251 411 475 454 Carthagine
496 421 571 455 rep.
596 410 704 456 (VIII
724 411 807 445 4004
831 411 927 444 vidit
953 411 1184 456 Wilmanns).

248 501 367 549 4389
415 504 552 557 Sarapi
579 502 586 559 Ι
613 517 650 544 ο.
672 516 724 544 m.
752 504 758 554 Ι
784 503 931 545 Marius
958 502 964 559 Ι
989 504 1099 544 Maro
1126 505 1132 556 Ι
1159 504 1195 545 d.
1227 505 1264 545 d.

252 571 417 605 Ver-onae
440 569 599 610 (Notizie
623 570 720 613 degli
741 573 842 604 scavi
862 571 952 606 4893
973 582 1009 613 p.
1027 570 1096 615 44).

277 659 393 706 439⁰
437 662 615 716 Sarapidi
644 661 650 717 Ι
677 663 861 716 Neptuno
890 660 896 716 Ι
923 663 1036 714 Aug.¹
1068 675 1168 703 sacr.
1197 660 1204 716 Ι
1231 663 1274 703 Ρ.
1296 662 1443 704 Aurelii
1469 660 1475 716 Ι
1503 662 1701 703 Pasinici²
1725 661 1732 717 Ι
1759 675 1851 704 cum

136 729 219 770 suis
244 727 250 784 Ι
277 741 308 770 s.
340 742 379 782 p.
409 743 449 783 p.
480 731 517 770 d.
549 732 586 771 d.

251 795 472 839 Carthagine
495 807 582 840 rep„
614 800 653 830 in
677 807 814 831 ancone
836 797 943 830 sellae
966 806 1189 830 marmoreae
1221 796 1330 837 (VIII
1349 795 1436 831 4002
1469 795 1517 837 cf.
1540 798 1652 832 42462
1684 798 1853 831 ciderunt

140 851 342 886 Witmanns
366 857 400 886 et
422 853 615 898 Schmidt).
637 873 684 879 —
710 855 742 898 1)
765 853 837 887 lovi
862 854 992 897 optimo
1016 855 1139 895 m[aa=].
1164 853 1326 898 Neptuno
1350 852 1540 898 Serap[idi]
1564 855 1752 888 dedicatus
1774 857 1855 887 erat

136 911 244 943 eliam
274 910 402 943 titulus
433 910 662 944 Pannonicus
685 910 743 944 III
761 911 863 945 3637.
898 929 944 935 -
979 911 1013 952 2)
1037 910 1091 944 Ab
1123 910 1250 943 iisdem
1281 911 1457 944 Pasinicis
1480 910 1649 955 Serapidi
1680 911 1779 959 ([τῴ]
1810 907 1853 946 ἐν

138 962 319 1015 Κανώβῳ
343 968 426 1015 θεῷ
448 967 638 1017 μεγίστῳ,·
671 966 720 1008 cl'.
745 967 856 1000 Inscr.
884 966 945 1000 Gr.
969 966 1070 1001 Sicil.
1094 967 1177 1001 Ital.
1199 967 1304 1011 4030)
1339 967 1461 1001 eodem
1486 967 1564 1001 Ioco
1589 967 1774 1001 dedicatus
1803 969 1855 999 est

137 1024 248 1056 otiam
274 1023 401 1056 titulus
427 1024 582 1058 Graecus
608 1024 696 1059 VIII
718 1024 823 1067 4003,
855 1025 898 1057 ab
923 1023 1039 1057 altero
1062 1034 1188 1057 eorum
1210 1025 1341 1058 ibidem
1365 1024 1479 1058 eidem
1506 1025 1595 1059 VIII
1615 1024 1652 1059 S.
1677 1024 1801 1059 42492.

250 1124 366 1171 4391
426 1127 527 1168 lovis
556 1127 738 1168 Plutonis
767 1127 927 1180 Serapis
955 1139 1080 1168 sacer.

251 1193 454 1234 lambaese,
485 1196 525 1227 in
549 1195 643 1237 basi,
676 1197 737 1228 cui
764 1195 927 1238 porticus
959 1193 1082 1237 templi
1112 1194 1292 1238 insculpta
1325 1194 1431 1236 (VIII
1451 1195 1544 1229 2629
1566 1195 1735 1228 viderunt
1762 1193 1854 1229 Wil-

139 1260 267 1283 manns
290 1253 325 1282 et
348 1249 538 1291 Schmiclt).

251 1339 371 1387 4392
427 1342 507 1382 lovi
540 1342 680 1395 Serapi
706 1339 712 1398 Ι
739 1342 784 1382 L.
806 1342 972 1383 Alfenus
1002 1339 1223 1399 Pate[rnus]
1250 1342 1257 1398 Ι
1284 1371 1295 1382 .
1319 1373 1328 1382 .

253 1407 365 1453 Kirby
393 1407 508 1442 Thore
532 1409 854 1452 (Westmoreland)
879 1420 955 1452 rep.
980 1410 1071 1450 (VII
1090 1411 1160 1444 298
1183 1410 1349 1443 Huebner
1372 1409 1464 1442 vidit
1488 1409 1686 1454 ectypum).

252 1509 370 1557 4393
429 1507 544 1568 [IJovi
575 1526 611 1553 o.
642 1525 693 1553 m.
726 1512 906 1565 Sarapidi
945 1511 951 1567 Ι
991 1526 1064 1566 pro
1096 1513 1221 1554 salute
1261 1519 1301 1553 et
1329 1512 1489 1553 victoria
1530 1510 1537 1567 Ι
1578 1512 1671 1565 imp.
1703 1512 1855 1552 Nervae

139 1579 296 1620 Traiani
318 1580 494 1621 Caesaris
520 1579 526 1635 Ι
554 1581 706 1634 optumi
736 1581 835 1633 Aug.
859 1581 1085 1622 Germanici
1116 1581 1249 1622 Dacici
1277 1578 1283 1634 Ι
1309 1581 1504 1621 Parthici¹
1537 1586 1577 1621 et
1607 1580 1743 1633 populi
1774 1580 1855 1620 Ro-

139 1648 258 1697 mani,
286 1646 293 1703 Ι
319 1648 446 1688 vexill.
477 1649 554 1701 leg.
577 1648 630 1689 111
661 1648 770 1702 Ογιπ2
801 1650 905 1689 fecit.

240 1715 512 1763 >Hierosolymis
541 1714 674 1760 (Mitth.
704 1727 740 1750 u.
763 1715 1007 1750 Nachrichten
1040 1716 1100 1749 des
1132 1716 1322 1749 deutschen
1353 1715 1738 1750 Palaestina-Vereins
1767 1714 1855 1748 1895

137 1782 174 1814 p.
196 1772 245 1805 22
276 1773 471 1815 imaginem
505 1773 605 1806 dedit
631 1773 930 1817 Zangemeister).
964 1792 1011 1798 —
1050 1774 1081 1814 1)
1105 1772 1149 1806 A.
1173 1771 1270 1816 146s7
1307 1770 1371 1814 (cf.
1403 1783 1515 1815 supra
1545 1771 1594 1804 ad
1622 1770 1670 1805 N.
1694 1770 1787 1811 297).
1810 1787 1858 1796 -·

140 1828 173 1869 2)
201 1827 398 1862 Veaeiuatio
415 1829 568 1872 legionis
585 1832 713 1863 tertiae
730 1830 963 1874 Cyrenaicae.
1004 1829 1146 1863 Titulus
1167 1831 1307 1872 positus
1331 1831 1383 1861 est
1407 1831 1563 1871 tempore
1583 1827 1666 1861 belli
1682 1828 1855 1862 Parthici.

254 1928 374 1976 4394
412 1932 494 1972 Soli
525 1933 662 1985 Serapi
688 1932 694 1986 Ι
720 1945 812 1973 cum
842 1945 912 1973 sua
942 1932 1046 1973 cline
1075 1930 1081 1986 Ι
1107 1932 1147 1972 in
1180 1932 1218 1971 h.
1249 1932 1286 1972 d.
1317 1932 1355 1971 d.
1383 1930 1389 1986 Ι
1417 1930 1619 1970 Dextrinia
1645 1930 1752 1971 Iusta
1778 1927 1785 1983 Ι
1810 1930 1855 1970 L.

140 1999 322 2041 Dextrini
353 1999 448 2039 lusti
474 1997 482 2055 Ι
507 1999 585 2039 filia
615 2000 795 2053 Agripp.¹
826 1999 862 2039 d.
893 2000 931 2039 d.

257 2066 427 2100 Coloniae
451 2067 677 2109 Agrippinae
701 2066 920 2106 (Brambach
941 2066 1014 2100 330
1039 2066 1102 2108 qui
1123 2065 1244 2109 vidit).
1268 2084 1313 2090 -
1351 2067 1384 2107 1)
1406 2065 1697 2109 Agrippinensis.

254 2168 371 2214 4395
430 2169 510 2209 lovi
541 2170 623 2209 Soli
662 2169 812 2222 optimo
842 2170 1012 2210 maximo
1039 2167 1044 2224 Ι
1072 2168 1250 2221 Sarapidi
1286 2175 1326 2208 et
1355 2169 1541 2209 omnibus
1571 2168 1644 2209 diis
1683 2175 1723 2208 et
1748 2167 1754 2223 Ι
1781 2169 1856 2209 im-

140 2238 315 2293 peratori
346 2237 501 2278 Caesari
532 2238 680 2278 Nervae
707 2235 713 2292 Ι
740 2237 910 2278 Traiano
941 2239 1040 2290 Aug.
1073 2237 1308 2277 Germanico
1340 2237 1482 2277 Dacico
1514 2237 1588 2283 n.¹‚
1615 2235 1621 2291 Ι
1648 2236 1856 2289 Epictetus

140 2307 309 2348 libertus
338 2305 601 2354 tabellarius²‚
630 2302 635 2359 Ι
662 2317 797 2346 curam
828 2312 971 2357 agente
1002 2305 1136 2357 operis
1156 2305 1345 2358 Dionysio
1376 2301 1554 2359 Sostralti
1584 2304 1664 2344 filio
1685 2305 1856 2345 Alexan-

142 2375 271 2423 drino,
302 2374 570 2426 gubernatore
599 2371 604 2426 Ι
632 2374 739 2414 navis
768 2385 974 2426 parasemo
1005 2373 1207 2426 lsopharia
1238 2373 1299 2412 T.³
1320 2373 1377 2413 Cl.
1399 2372 1603 2412 Theonis!

261 2442 368 2475 Lutri
384 2444 423 2474 in
442 2440 544 2474 Creta
564 2440 671 2483 (1113
698 2440 747 2485 cf.
763 2451 798 2484 p.
813 2440 878 2474 967
894 2441 1006 2474 deser.
1023 2439 1150 2473 Velsen
1167 2442 1200 2472 et
1219 2439 1375 2474 Graecus
1392 2438 1566 2483 quidam).
1582 2457 1628 2463 —
1655 2441 1686 2481 1)
1709 2438 1856 2476 Nostro.

141 2517 186 2524 —
212 2499 247 2540 2)
272 2497 472 2539 tabularius,
509 2499 544 2540 3)
567 2496 607 2531 T.
626 2507 694 2531 om.
711 2497 962 2540 apographum
981 2495 1175 2530 Graeci.-—
1202 2498 1236 2539 4)
1260 2495 1385 2537 Navis,
1411 2497 1515 2528 cuius
1526 2496 1753 2538 gubernator
1768 2496 1857 2530 Dio-

142 2555 271 2599 nysius
285 2553 372 2597 fuit,
399 2553 437 2587 T.
453 2553 511 2586 vel
527 2555 652 2597 potius
680 2552 732 2587 Ti.
751 2552 895 2586 Claudii
915 2551 1064 2586 Theonis
1086 2551 1161 2593 fuit
1184 2563 1380 2596 nomenque
1405 2553 1531 2585 habuit
1553 2553 1596 2584 ab
1614 2552 1707 2585 Iside
1723 2554 1858 2586 Pharia

147 2610 353 2654 (Momms.).

255 2689 376 2735 4396
416 2694 532 2739 (intra
558 2706 729 2729 coronam
753 2694 943 2738 quer-nam)
975 2689 1004 2729 Ι.
1035 2702 1072 2729 0.
1104 2702 1155 2729 m.
1191 2690 1273 2730 Soli
1304 2689 1480 2742 Sarapidi
1509 2687 1514 2743 Ι
1542 2688 1675 2741 Scipio
1708 2689 1857 2730 Orfitus

142 2772 176 2799 v.
207 2760 271 2807 c.¹‚
298 2758 304 2814 Ι
332 2771 459 2811 augur
484 2757 490 2814 Ι
516 2760 597 2800 voti
628 2771 791 2811 compos
822 2757 996 2798 redditus
1027 2761 1083 2807 (in
1103 2765 1210 2806 parto
1232 2773 1357 2796 avorsa
1389 2772 1494 2805 eques
1518 2762 1700 2804 loricatus,
1732 2763 1858 2796 habitu

143 2827 394 2870 imperatorio,
422 2828 543 2859 vectus
574 2836 647 2859 non
671 2836 760 2869 equo
784 2825 848 2858 sed
870 2827 976 2858 tauro
983 2833 999 2868 ,·
1029 2825 1130 2858 humi
1152 2827 1259 2859 cubat
1285 2824 1397 2859 Terra
1420 2827 1555 2866 matem-
1589 2827 1686 2858 retro
1716 2827 1858 2858 moenia

147 2882 272 2926 oppidi
295 2884 463 2916 alicuius.
510 2882 553 2916 In
570 2883 682 2916 latere
703 2884 852 2915 sinistro
878 2885 1074 2925 tropaeum,
1099 2881 1274 2923 Victoria,
1300 2882 1366 2914 dea
1384 2880 1495 2914 Roma
1502 2889 1518 2924 ,·
1542 2882 1581 2914 in
1599 2881 1711 2914 latere
1726 2881 1856 2914 deaetro

151 2941 278 2972 taurus
301 2939 350 2972 ad
372 2939 629 2973 immolandum
652 2938 876 2979 adducitur).

257 2994 389 3028 Romae
419 3006 494 3039 rep.
527 2995 576 3029 ad
607 2997 700 3028 viam
730 2996 904 3038 Appiam,
938 3005 1006 3028 ara
1036 3004 1257 3037 marmorea,
1293 3005 1389 3028 nunc
1424 2996 1463 3027 in
1498 3004 1619 3027 museo
1653 2993 1856 3036 Capitolino

145 3050 216 3094 (VI
238 3051 304 3085 402
328 3051 421 3084 vidit
443 3052 607 3095 Henzen,·
639 3051 847 3096 anaglypha
872 3051 1041 3085 describit
1062 3050 1188 3094 Helbig
1211 3049 1355 3085 Fiihrer
1379 3050 1493 3084 durch
1517 3050 1575 3083 die
1599 3049 1856 3093 Sammlungon
