2092 3360
273 154 326 192 42
1026 151 1145 196 Caput
1169 151 1232 186 XI.

385 269 426 302 In
450 266 534 307 s'oro
558 266 716 299 Romano
746 265 795 297 ad
818 265 1001 298 basilicam
1028 264 1157 298 Iuliam
1181 275 1255 308 rep.
1288 265 1360 305 (VI
1378 265 1442 299 786
1474 266 1566 299 vidit
1589 267 1762 311 Henzen).
1810 266 1983 311 Lapidem

269 327 404 359 stetisse
439 324 522 356 olim
557 323 596 355 in
631 323 728 355 atrio
766 320 894 354 Vestae
930 322 1085 353 coniecit
1118 320 1254 355 Jordan
1293 320 1377 364 Top.
1402 322 1423 354 l
1441 323 1466 356 2
1489 333 1524 366 p.
1546 323 1624 357 297.
1660 342 1705 348 —-
1743 325 1774 364 1)
1799 323 1984 365 Pontificis

270 382 431 415 maximi.
447 399 493 405 —
518 381 551 420 2)
574 379 628 411 De
642 377 829 418 fictoribus
842 376 1055 419 pontificum
1079 375 1126 415 cf.
1145 376 1361 421 Marquardt
1375 378 1527 412 Staatsr.
1545 378 1602 412 II2
1614 390 1652 422 p.
1669 381 1735 414 249
1754 379 1856 423 (item
1871 389 1982 423 supra

269 437 315 471 N.
331 439 395 471 456
417 438 480 468 sub
504 435 579 475 fin„
603 436 637 466 et
660 431 762 472 infra
787 435 883 465 inter
908 433 1033 466 titulos
1055 433 1312 478 sacerdotum).

382 514 494 560 3315
554 515 693 554 Vestae
723 526 879 554 sacrum
906 511 911 568 Ι
938 513 1100 554 antistiti
1127 512 1132 567 Ι
1160 514 1410 567 praediorum
1438 513 1443 570 Ι
1471 515 1806 557 Helvidianorum.

382 583 514 616 Romae
545 583 584 613 in
615 582 730 614 hortis
760 581 972 623 quibusdam
994 582 1160 624 privatis,
1188 575 1364 624 ‘prolome
1389 581 1567 624 Vestae-[2]
1599 583 1777 616 colosseae
1799 585 1983 625 magnitu-

268 633 378 673 dinis'
405 640 475 679 (VI
495 640 561 672 788
583 639 739 671 servavit
762 637 999 679 Fabrettius).

379 718 494 764 3316
548 718 686 759 Vestae
716 715 903 774 sacru[m]
941 716 945 772 Ι
982 718 1023 758 Ρ.
1054 718 1180 758 Titius
1210 718 1254 758 L.
1285 721 1334 767 12,
1369 717 1375 774 Ι
1411 720 1453 759 P.
1485 720 1642 762 Curtius
1671 721 1714 761 P.
1746 722 1772 760 f.
1804 720 1942 762 Salas.¹
1973 715 1980 771 Ι

267 790 424 837 1111νίι·.,
456 788 504 827 de
534 798 699 827 munere
726 783 732 840 Ι
759 786 986 839 gladiatorio
1015 784 1020 840 Ι
1048 799 1093 826 ex
1125 799 1156 826 s.
1188 799 1222 826 c.

382 856 540 895 Canusii,
565 854 661 886 basis
684 853 863 895 quadrata
889 851 958 896 (IX
976 854 1047 887 526
1070 853 1164 886 vidit
1180 853 1404 897 Mommsen).
1448 854 1620 888 Gemellus
1646 857 1700 887 est
1723 855 1850 888 titulus
1874 856 1980 898 basis,

266 923 373 957 quam
397 913 504 946 iidem
529 911 775 955 quattuorviri
798 921 845 943 ex
867 913 1012 943 senatus
1033 909 1207 943 Canusini
1230 911 1391 944 consulto
1410 913 1612 953 posuerunt
1636 910 1836 945 Vortumno
1861 910 1980 956 (infra

265 969 312 1005 N.
329 969 450 1013 5589).
481 987 524 992 -—
561 969 592 1009 1)
621 967 739 1001 Curtii
762 967 898 1000 Salassi
921 969 1168 999 memorantur
1198 977 1254 1010 ap.
1282 967 1486 1000 Ciceronem
1510 968 1558 1001 ad
1585 965 1675 1007 fam.
1698 969 1731 1008 6,
1749 968 1803 1010 48,
1821 969 1845 1002 2
1870 970 1919 1009 (a.
1944 979 1981 1003 u.

266 1026 401 1069 c.709).
428 1025 633 1067 Hieronym.
658 1025 780 1057 chron.
806 1023 855 1056 ad
878 1034 912 1057 a.
935 1024 1023 1057 Abr.
1046 1023 1131 1057 4976
1157 1023 1207 1067 (a.
1224 1034 1258 1057 u.
1277 1034 1306 1057 c.
1321 1023 1416 1066 745),
1440 1025 1479 1056 in
1504 1024 1621 1057 titulis
1640 1025 1856 1068 parietur-iis
1880 1025 1980 1059 Pom-

262 1083 404 1125 peianis¹
430 1082 488 1115 IV
505 1081 601 1114 4886.
624 1080 721 1123 4949,
746 1080 900 1123 denique
924 1080 981 1113 ΙΙΙ
1001 1081 1077 1114 546.

376 1161 490 1207 3317
541 1162 678 1202 Vestae
705 1161 712 1214 Ι
739 1161 785 1209 Q.
818 1161 973 1201 Cassius
1003 1161 1053 1200 M.
1085 1163 1110 1204 s.
1140 1159 1146 1215 Ι
1175 1161 1299 1200 Varus
1324 1160 1330 1215 Ι
1357 1176 1392 1204 v.
1423 1176 1455 1202 s.
1486 1162 1510 1201 l.
1543 1174 1594 1201 m.

381 1230 590 1262 Castelrotto
613 1240 725 1272 prope
752 1229 947 1268 Veronam,
980 1238 1076 1261 nunc
1102 1228 1266 1262 Veronae
1296 1228 1354 1272 (V
1369 1229 1458 1263 5949
1488 1228 1580 1261 vidit
1602 1228 1825 1272 Mommsen).
1873 1227 1979 1261 Alius

264 1297 405 1329 quoque
428 1286 555 1319 titulus
579 1286 704 1320 Vestae
728 1288 766 1318 in
790 1285 911 1318 eadem
935 1286 1083 1327 regione
1106 1288 1270 1325 repertus
1294 1288 1345 1318 est
1369 1286 1431 1325 (V
1445 1286 1567 1326 5920).

377 1364 492 1410 3318
540 1366 678 1406 Vestae
709 1367 807 1418 Aug.
842 1366 847 1420 Ι
882 1378 1036 1407 sacrum
1070 1364 1077 1419 Ι
1112 1365 1163 1405 Μ.
1194 1364 1335 1407 Iunius
1365 1367 1477 1414 Quir.
1505 1365 1512 1419 Ι
1548 1362 1817 1422 [Hi]spanusl
1853 1365 1977 1417 Sego-

263 1435 428 1474 viensis¹
457 1435 464 1488 Ι
490 1439 724 1474 testamento
754 1447 826 1475 suo
853 1433 860 1488 Ι
886 1435 971 1474 fieri
1001 1435 1124 1475 iussit.
1151 1432 1158 1488 Ι
1186 1433 1287 1474 Huic
1318 1434 1415 1474 ordo
1446 1433 1656 1475 Naevens.²
1683 1431 1690 1487 Ι
1723 1433 1883 1474 decreto
1914 1433 1974 1473 lo-

263 1514 353 1542 cum
380 1505 386 1554 Ι
413 1502 531 1542 dedit.

377 1569 518 1612 Hispali
534 1567 721 1612 (Sevillae)
746 1579 834 1612 rep„
858 1569 921 1603 sed
943 1568 1098 1610 sortasse
1123 1569 1269 1603 aliunde
1293 1580 1332 1603 eo
1358 1569 1479 1602 adlata
1506 1567 1656 1612 (114466
1672 1568 1766 1601 vidit
1781 1567 1975 1612 Huebner).

262 1626 383 1659 Aliam
408 1625 665 1659 dedicationem
692 1625 817 1659 Vestae
840 1626 1028 1670 Augustae
1051 1628 1091 1659 in
1115 1626 1290 1670 Hispania
1313 1624 1451 1665 factam
1476 1626 1580 1658 habes
1605 1625 1643 1658 II
1661 1625 1764 1659 5578.
1790 1643 1836 1650 —-
1865 1626 1895 1666 1)
1920 1622 1976 1664 Cf.

262 1682 404 1715 Hirtius
428 1681 506 1716 bell.
529 1682 633 1716 Alex.
648 1683 703 1725 57,
718 1684 761 1724 6,·
791 1683 955 1716 Huebner
979 1683 1001 1716 l.
1019 1694 1048 1716 c.
1072 1686 1107 1716 et
1129 1683 1244 1726 suppl.
1266 1693 1302 1726 p.
1318 1683 1394 1716 844.
1418 1701 1463 1707 -—
1487 1683 1521 1724 2)
1547 1679 1600 1721 Cf.
1625 1681 1762 1715 114048
1786 1691 1866 1715 cum
1889 1683 1976 1715 nota

263 1739 442 1771 Haebneri
462 1749 498 1781 p.
516 1739 594 1773 455.

376 1795 430 1827 De
456 1795 603 1828 Gallicis
626 1796 835 1839 quibusdam
861 1797 976 1830 titulis
1002 1795 1130 1829 Vestae
1155 1795 1201 1836 cli
1227 1796 1276 1830 ad
1298 1796 1343 1830 N.
1361 1796 1464 1830 5294.

373 1964 486 2010 3319
538 1966 630 2006 lano
663 1965 842 2022 Gelmino
870 1966 875 2023 Ι
904 1968 1079 2009 consuti.
1107 1969 1113 2022 Ι
1141 1968 1346 2008 Ianuarius
1373 1965 1378 2021 Ι
1405 1980 1438 2006 v.
1471 1980 1501 2007 s.
1533 1966 1555 2009 1.
1589 1979 1642 2006 m.

376 2033 458 2076 Περ.
480 2044 594 2077 prope
622 2034 826 2077 Wolf-siner&¹
855 2036 893 2067 in
922 2035 1108 2068 Corinthia
1142 2038 1179 2068 in
1208 2037 1277 2067 imo
1310 2037 1427 2068 monte
1459 2033 1615 2076 Saualpe
1648 2033 1719 2077 (ΙΙΙ
1741 2033 1848 2067 5092·
1880 2033 1976 2067 vidit

266 2089 495 2131 Wlmanns).

375 2168 490 2215 3320
539 2171 633 2211 lano
665 2172 766 2222 patri
793 2173 798 2221 Ι
827 2174 925 2224 Aug.
955 2185 1110 2212 sacrum
1136 2171 1143 2226 Ι
1172 2173 1212 2212 C.
1238 2172 1359 2212 lulius
1388 2171 1428 2212 C.
1452 2173 1478 2210 f.
1502 2171 1602 2211 Ser.¹
1629 2170 1634 2226 Ι
1663 2170 1806 2210 Aetor'
1834 2169 1933 2220 aed„
1965 2168 1972 2225 Ι

263 2238 431 2278 donatus
461 2239 508 2278 ab
540 2238 729 2292 Ti.'Caes.
757 2238 762 2293 Ι
790 2240 888 2290 Aug.
920 2241 946 2278 s.
968 2240 1144 2291 Augusto
1174 2247 1277 2291 torq.
1306 2237 1311 2292 Ι
1338 2239 1485 2279 maiore
1515 2238 1619 2278 bello
1649 2235 1890 2293 Delmaltico‚
1921 2237 1974 2278 ob

262 2305 456 2345 honorem
483 2305 487 2359 Ι
516 2305 706 2346 lIviratus
739 2318 830 2346 cum
861 2307 993 2347 liberis
1021 2305 1025 2362 Ι
1053 2308 1134 2348 suis
1164 2306 1309 2359 posuit.

379 2373 520 2406 Patavii
543 2375 637 2405 certe
664 2373 748 2406 inde
772 2384 793 2405 a
823 2384 914 2407 saec.
936 2374 1037 2412 XVI,
1068 2374 1130 2407 sed
1159 2374 1301 2415 videtur
1332 2373 1455 2406 adlata
1487 2384 1560 2405 esse
1588 2383 1634 2406 eae
1656 2372 1863 2412 Dalmatia5
1897 2373 1971 2404 iam

262 2430 382 2462 Ateste
399 2429 577 2473 (1115458
593 2429 686 2462 vidit
701 2429 920 2474 Mommsen).
969 2430 1089 2463 Etiam
1114 2430 1205 2463 alias
1229 2429 1470 2464 dedicationes
1494 2429 1581 2462 Iano
1605 2430 1706 2472 patri
1728 2426 1847 2468 factas
1867 2428 1970 2460 liabe-

262 2497 340 2518 mus
364 2497 410 2519 ex
434 2485 617 2519 Dalmatia
642 2485 714 2525 (111
734 2486 835 2519 2884.
859 2487 983 2531 5050).
1018 2506 1063 2511 -
1103 2489 1133 2528 l)
1158 2486 1287 2529 Sergia
1312 2487 1427 2519 tribus
1449 2487 1584 2529 passim
1607 2486 1789 2528 reperitur
1818 2485 1857 2516 in
1881 2483 1973 2518 Dal-

263 2543 375 2575 matia
400 2541 466 2585 (cf.
492 2541 702 2575 Kubitsclielc
725 2543 809 2585 imp.
835 2542 932 2575 Hom.
959 2544 1038 2576 trib.
1064 2543 1175 2576 deser.
1199 2554 1235 2585 p.
1259 2543 1361 2586 252).
1400 2561 1443 2566 —
1480 2543 1513 2584 2)
1544 2541 1744 2584 cognomen
1777 2541 1866 2574 alibi
1896 2550 1970 2573 non

262 2602 456 2640 repet-tum.

375 2677 487 2723 3321
539 2679 633 2719 lano
666 2682 763 2731 Aug.
796 2683 802 2730 Ι
836 2692 991 2720 sacrum
1026 2679 1030 2734 Ι
1067 2680 1202 2720 Ciuius
1233 2676 1416 2734 Geniallis
1454 2691 1527 2731 pro
1562 2673 1686 2719 salute
1717 2674 1879 2732 olrdinis
1909 2677 1970 2718 sui

263 2752 302 2786 et
332 2744 485 2800 civilum
515 2759 679 2787 suorum
708 2745 972 2802 silmulaerum
1004 2748 1059 2787 ti.¹
1087 2746 1093 2802 Ι
1120 2747 1346 2788 reformavit
1374 2743 1513 2805 adlque
1543 2745 1751 2786 restituid.¹

377 2815 546 2847 Aenonae
562 2813 701 2857 (Nona)
719 2815 758 2846 in
775 2814 956 2848 Dalmatia
983 2814 1053 2855 (III
1075 2815 1164 2848 2969
1186 2814 1343 2847 servavit
1366 2812 1570 2857 Cyriacus).
1586 2831 1628 2836 —
1656 2814 1688 2854 1)
1713 2812 1774 2846 Sic
1796 2811 1970 2846 traditur.

375 2892 490 2939 3322
538 2895 738 2935 Pannicus
764 2896 770 2948 Ι
807 2895 1012 2947 Phospori,
1039 2897 1046 2946 Ι
1082 2894 1344 2946 Primigenius
1370 2891 1376 2948 Ι
1405 2892 1525 2933 Primi
1551 2890 1556 2947 Ι
1585 2904 1690 2933 aram
1719 2890 1724 2945 Ι
1752 2891 1967 2948 lanipatril

263 2974 331 3002 sua
361 2975 445 3014 pec.
479 2964 503 3001 f.

376 3029 488 3061 Asisiae'
511 3027 578 3070 (XI
599 3028 687 3062 5574
712 3028 802 3061 vidit
822 3029 1036 3073 Bormann).
