2092 3360
277 190 358 229 138
1017 187 1134 232 Caput
1157 187 1223 222 XI.

388 303 501 350 4090
561 314 691 358 (navis,
724 314 784 345 cui
806 315 926 345 statua
951 312 1079 345 Matris
1103 312 1206 346 deum
1229 314 1396 356 impos-ita
1420 316 1494 355 est,·
1529 315 1611 347 ante
1636 323 1713 346 eam
1736 312 1867 346 mulier
1889 323 1982 356 quae

275 377 395 418 infula
419 378 469 411 ad
490 379 647 409 rostrum
672 375 824 417 alligata
848 384 973 407 navem
998 376 1141 408 trahere
1164 375 1324 418 videtur)
1372 371 1485 412 Matri
1530 371 1646 412 deum
1693 377 1733 411 et
1762 371 1856 412 Navi
1895 371 1980 412 Sal-

275 442 355 482 viae
382 439 388 495 Ι
416 440 587 479 Salviae¹
620 444 711 478 voto
741 443 926 490 suscepto
952 435 958 492 Ι
987 437 1145 478 Claudia
1174 439 1399 492 Synthyche
1426 439 1432 493 Ι
1458 440 1496 480 d.
1527 439 1564 479 d.
1592 443 1650 487 (In
1675 444 1846 477 lateribus
1865 443 1983 487 pileus

275 509 456 551 Phrygius
479 506 624 548 aliaque
646 507 886 538 instrumenta
911 504 1026 537 cultus
1050 505 1231 549 Phrygii).

387 585 500 631 4097
553 587 647 627 Navi
678 586 825 626 Salviae
852 583 858 638 Ι
885 591 924 626 et
952 585 1067 625 matri
1097 585 1172 625 deu
1203 586 1239 626 d.
1271 586 1307 626 d.
1336 583 1341 641 Ι
1369 586 1526 627 Claudia
1558 583 1779 643 Sinty{[ehe]
1801 617 1810 626 .
1829 617 1838 626 .
1857 616 1867 626 .
1887 617 1897 627 .

388 654 519 687 Romae
549 664 622 696 rep.
652 654 692 686 in
716 654 799 696 ripa
827 652 963 686 Tiberis
993 653 1056 685 sub
1081 651 1358 695 Aventino.(VI
1375 654 1453 687 492.
1475 655 1544 688 493
1576 652 1623 694 cf.
1645 665 1681 698 p.
1700 654 1767 689 854
1799 655 1892 688 liano
1916 654 1984 688 Ve-
2040 657 2043 659 ’

274 722 386 744 ronae
409 711 500 744 vidit
515 710 720 752 Mommsen,
743 709 809 743 illa
834 713 934 743 extat
949 709 1081 743 Romae
1104 711 1144 742 in
1167 720 1286 743 museo
1305 709 1533 753 Capitolium
1556 713 1749 753 imaginem
1773 713 1881 745 huiue
1902 713 1985 754 poet

275 769 367 801 alios
390 768 564 800 dederunt
587 767 718 800 Miiller
741 769 777 799 et
805 766 974 801 Wieseler
998 765 1217 801 Denkmc‘iler
1233 766 1297 800 der
1312 766 1409 800 alten
1427 766 1540 800 Kunst
1555 768 1593 800 Il
1615 769 1684 801 tab.
1703 767 1825 802 LXIII
1842 778 1877 801 n.
1888 767 1983 812 816).

274 825 493 869 Anoglyplzo
525 826 678 867 apparet
704 824 977 867 repraesentari
999 833 1125 856 navem
1148 823 1266 864 illam,
1303 834 1374 867 qua
1398 823 1517 857 Mater
1540 824 1642 857 deum
1665 823 1812 858 Romam
1836 826 1985 858 advecta

276 884 338 923 est,
364 891 470 924 quam
495 891 632 923 navem,
655 882 898 914 inhaerentem
921 880 1013 914 vado
1042 879 1221 921 Tiberino,
1246 882 1448 913 exi-tractam
1472 891 1555 923 esse,
1587 882 1732 924 cingulo
1756 882 1806 915 ad
1826 884 1984 915 rostrum

275 938 437 980 alligato,
461 949 483 970 a
501 937 653 971 Claudia
671 937 816 980 Quinta,
840 940 939 970 vetus
961 936 1088 977 fabula
1113 939 1192 970 erat
1216 936 1329 981 (Suet.
1350 937 1446 979 Cl.·2‚
1472 937 1666 971 Herodian.
1682 938 1714 981 4,
1730 938 1782 981 44,
1796 939 1828 981 4,
1852 938 1984 975 Iulian.

278 1005 329 1028 or.
347 995 385 1028 V
397 1005 434 1037 p.
448 995 510 1028 460
527 994 690 1037 Spanoe).
737 993 853 1028 Navis
877 994 1021 1028 Salviae
1044 995 1188 1028 nomine
1211 994 1378 1028 nonnulli
1399 997 1621 1038 putaverunt
1642 995 1849 1038 significari
1870 997 1986 1038 ipsam

275 1051 376 1084 illam
400 1062 525 1085 navem
552 1062 621 1094 pro
645 1052 792 1084 numine
816 1051 950 1084 cultam
977 1051 1185 1095 (Mommsen
1209 1051 1259 1084 ad
1282 1051 1333 1085 VI
1354 1053 1446 1094 494),
1478 1052 1547 1085 alii
1571 1051 1758 1086 Claudiam
1781 1053 1879 1086 inter
1902 1052 1986 1086 deos

275 1111 466 1150 receptam.
498 1106 552 1147 Cf:
568 1108 704 1141 Jordan
721 1119 778 1151 ap.
796 1108 931 1141 Preller
947 1108 1064 1143 Roem.
1080 1108 1190 1152 Mytlz.
1209 1109 1262 1142 ed.
1274 1108 1297 1142 3
1312 1109 1348 1142 ΙΙ
1362 1120 1397 1152 p.
1409 1111 1466 1143 58.
1484 1128 1531 1134 ——-
1551 1109 1581 1152 1)
1597 1109 1735 1142 Errore
1751 1110 1804 1142 bis
1818 1110 1985 1152 positum.

389 1198 504 1245 4098
561 1201 675 1241 Matri
707 1201 825 1241 deum
852 1199 857 1256 Ι
885 1198 935 1242 et'
968 1202 1063 1241 Navi
1093 1202 1243 1242 Salviae
1269 1200 1275 1258 Ι
1303 1202 1350 1250 Q.
1372 1202 1557 1242 Nunnius
1583 1199 1589 1256 Ι
1617 1201 1816 1254 Telephus
1845 1212 1946 1254 mag.
1977 1199 1987 1259 Ι

278 1269 353 1310 col.
385 1269 504 1308 culti).
536 1269 644 1309 eius¹
674 1266 680 1324 Ι
707 1269 743 1309 d.
766 1282 796 1310 s.
819 1270 855 1309 d.
879 1269 916 1309 d.

390 1334 521 1369 Romae
546 1335 617 1379 (VI
635 1338 698 1370 494
722 1337 814 1369 vidit
838 1337 1045 1380 Marinius).
1064 1356 1110 1360 —
1137 1338 1168 1376 1)
1194 1337 1369 1379 Magister
1393 1337 1536 1379 collegii
1560 1336 1738 1369 cultorum
1762 1339 1848 1370 eius.

389 1414 503 1461 4099
562 1418 675 1458 Matri
706 1418 834 1473 delum
868 1431 970 1470 mag.
1002 1417 1127 1472 Ideflae
1160 1419 1302 1471 Phryg.
1334 1418 1391 1457 Fl.
1419 1415 1425 1472 Ι
1452 1418 1583 1471 Tyche
1614 1416 1884 1473 (ιθνηοΙρΙιοικι
1915 1430 1989 1471 per

280 1484 424 1524 M.1u1.
453 1483 459 1539 Ι
487 1485 592 1526 Cass.
623 1492 662 1526 et
693 1486 797 1527 Cass.
830 1487 917 1527 Sev.
944 1484 952 1541 Ι
978 1487 1028 1526 Μ.
1051 1487 1112 1526 At.
1144 1492 1183 1526 et
1214 1489 1318 1526 Anu.
1350 1486 1459 1526 Coss.
1492 1485 1595 1526 Gal.²

397 1551 576 1595 olisipone
602 1552 765 1598 (Lisboa)
799 1554 859 1595 (ΙΙ
880 1554 942 1587 479
971 1554 1065 1587 vidit
1087 1553 1279 1597 Huebner).
1302 1555 1356 1577 '—
1388 1553 1419 1595 1)
1452 1544 1692 1596 Gernoplzora.
1740 1553 1836 1586 Idem
1859 1563 1990 1586 munuc

279 1611 332 1640 est
347 1610 386 1641 in
404 1609 509 1642 titulo
525 1609 768 1653 Neapolitano
784 1610 817 1644 X
832 1611 922 1645 4803
932 1623 944 1644 :
968 1610 999 1644 d.
1017 1621 1060 1646 m.
1082 1609 1088 1654 Ι
1110 1609 1230 1643 Heriae
1248 1609 1443 1643 victorinae
1464 1609 1469 1653 Ι
1491 1609 1752 1653 [claernophoro
1772 1609 1779 1654 Ι
1799 1608 1844 1644 M.
1869 1609 1989 1644 Hei-ius

281 1664 485 1699 Valerianus
505 1665 511 1709 Ι
532 1665 623 1700 filiae
648 1666 879 1702 dulcissimae.
928 1666 981 1708 Cf.
1005 1666 1108 1707 infra
1131 1665 1177 1700 N.
1194 1667 1280 1701 4442
1304 1670 1378 1700 not.
1392 1668 1427 1701 2.
1452 1685 1496 1692 —
1528 1668 1561 1710 2)
1586 1667 1750 1710 Intellegi
1771 1666 1819 1701 M.
1835 1667 1990 1701 Atilium

282 1724 317 1753 et
340 1722 500 1755 Annium
527 1722 669 1756 Gallum
699 1724 860 1757 consules
891 1724 940 1770 (a.
963 1724 1042 1767 408)
1072 1726 1179 1767 putat
1209 1724 1393 1764 Huebner,·
1429 1723 1578 1756 alterius
1608 1725 1763 1757 consulis¹
1795 1733 1990 1766 cognomen

282 1788 405 1810 errore
429 1778 641 1812 collocatum
666 1791 736 1813 esse
755 1784 839 1823 post
863 1790 970 1821 coss.;
994 1791 1119 1814 vereor
1141 1783 1182 1813 ut
1205 1784 1311 1815 reete.

394 1858 510 1906 4100
548 1871 682 1916 (pinus,
708 1883 730 1905 a
754 1882 825 1915 qua
846 1872 1001 1915 pendent
1024 1871 1179 1912 crotala,
1211 1871 1365 1913 fistulae,
1390 1860 1528 1912 lanies3
1559 1873 1682 1904 subtus
1697 1874 1772 1905 stat
1786 1872 1860 1914 100,-
1883 1874 1991 1905 iuxta

276 1935 411 1978 pedum
434 1938 470 1968 et
493 1935 606 1976 clava,
632 1936 692 1967 eui
714 1935 881 1977 imposita
905 1936 1013 1968 mitra
1021 1933 1090 1978 [?])
1131 1930 1266 1970 Matris
1296 1930 1415 1970 deum
1444 1942 1610 1982 magnae
1635 1929 1748 1970 ldeae
1770 1930 1988 1970 Palatinae¹

283 2000 406 2052 eiusq.
437 1998 509 2039 [ιι.2
540 1999 743 2051 religionis
774 1994 1046 2054 adpar[a]tor³
1076 1997 1238 2038 Navius⁴
1270 1997 1490 2038 Ianuarius.

397 2067 440 2100 In
457 2070 533 2099 vico
551 2067 618 2099 Les
634 2067 768 2099 Pennes
789 2076 901 2109 prope
925 2065 1124 2098 Massiliam
1142 2064 1230 2109 (XII
1241 2066 1305 2098 403
1320 2075 1355 2108 p.
1367 2064 1435 2098 842
1459 2064 1568 2097 semel
1589 2068 1632 2098 ut
1646 2065 1789 2098 videtur
1812 2065 1992 2109 descripta

283 2133 373 2157 saec.
388 2123 487 2166 XVI,
512 2124 628 2155 nescio
647 2133 754 2166 quam
770 2121 965 2167 religiose).
982 2142 1027 2147 —
1055 2123 1087 2164 1)
1110 2122 1277 2155 Palatina
1297 2124 1378 2164 apte
1402 2121 1538 2155 dieitur
1555 2121 1671 2154 Mater
1693 2131 1837 2164 magna,
1862 2123 1993 2166 quippe

284 2183 386 2213 cuius
419 2180 585 2222 templum
613 2181 654 2212 in
678 2180 819 2226 Palatio
850 2181 988 2212 stetisse
1019 2182 1142 2212 nolum
1171 2181 1220 2212 sit
1244 2177 1450 2223 (Hirsckfi).
1498 2179 1552 2211 De
1576 2178 1705 2222 templo
1730 2178 1860 2212 Matris
1889 2178 1993 2212 deum

283 2237 450 2270 Palatino
469 2235 514 2276 1,·Ιῖ
532 2236 683 2270 Huelsen
699 2236 817 2270 Hoem.
836 2236 953 2269 Mittlz.
970 2236 1056 2269 4895
1070 2246 1106 2278 p.
1118 2236 1219 2279 ἕως.
1236 2255 1281 2260 -
1307 2237 1341 2278 2)
1365 2235 1460 2268 Haec
1483 2237 1655 2279 corrupta
1680 2246 1753 2268 esse
1776 2237 1994 2279 apparet.—

286 2295 320 2335 3)
345 2293 515 2336 adparnor
541 2293 710 2328 traditur.
748 2292 801 2333 Cf.
825 2292 871 2326 Ν.
884 2293 980 2327 4473.
1005 2311 1049 2316 -—
1075 2293 1108 2334 4)
1133 2291 1271 2325 Nomen
1296 2295 1516 2335 corruptum.

397 2372 509 2419 4101
536 2374 599 2417 M.
619 2375 656 2414 d.
675 2387 724 2414 m.
753 2373 759 2428 Ι
787 2375 990 2415 Cereriae¹
1020 2372 1026 2430 Ι
1053 2388 1087 2414 v.
1105 2388 1134 2415 s.
1153 2374 1324 2414 Fruticia
1350 2372 1357 2428 Ι
1384 2374 1573 2427 Thymele
1599 2371 1606 2425 Ι
1631 2373 1683 2413 Μ.
1701 2372 1843 2414 Statini
1864 2372 1992 2413 Dori².

395 2442 563 2483 Venetiis,
581 2441 707 2475 deinde
726 2441 839 2484 Calai,
855 2442 918 2475 sed
932 2444 1074 2485 reperta
1090 2443 1166 2474 sine
1183 2442 1290 2475 dubio
1307 2440 1497 2484 Aquileiae
1515 2439 1573 2484 (V
1579 2440 1643 2474 796
1658 2440 1753 2473 vidit
1767 2439 1993 2482 Mommsen).

287 2518 329 2523 —-
360 2502 389 2540 1)
414 2499 509 2532 Idem
533 2508 729 2541 cognomen
752 2500 791 2531 in
816 2500 921 2533 titulo
945 2499 1069 2532 Bonae
1093 2499 1178 2532 deae
1202 2498 1428 2542 Aquileiensi
1449 2507 1560 2539 supra
1584 2494 1630 2529 N.
1642 2497 1742 2530 5499.
1757 2513 1803 2521 -—
1827 2497 1860 2538 2)
1883 2495 1995 2529 Iidem

287 2557 446 2589 homines
468 2567 578 2599 supra
603 2555 646 2589 N.
663 2556 761 2589 5947.

399 2635 513 2682 4102
570 2639 683 2679 Matri
713 2640 830 2679 deum
861 2644 900 2678 et
929 2637 1020 2677 lsidi
1046 2635 1052 2691 Ι
1080 2637 1124 2676 G.
1148 2636 1342 2676 Menatius
1372 2636 1417 2675 G.
1449 2635 1551 2675 filius
1577 2635 1584 2688 Ι
1611 2634 1703 2673 Fab.
1735 2634 1903 2674 Severus
1935 2634 1994 2674 fa·

289 2718 383 2745 num
415 2705 565 2760 refelcit
595 2713 635 2747 et
663 2718 858 2760 pronaum
894 2705 943 2745 de
973 2717 1045 2745 suo
1077 2702 1181 2761 felcit
1210 2717 1258 2744 ex
1284 2710 1389 2744 voto.

404 2772 591 2806 Malcesine
613 2773 663 2807 ad
685 2773 800 2807 locum
823 2773 1015 2815 Benacum,
1037 2774 1111 2805 iam
1138 2772 1300 2806 Veronae
1324 2769 1380 2814 (V
1395 2769 1480 2804 4007
1504 2770 1597 2802 vidit
1614 2767 1836 2813 Mommsen).

401 2852 516 2900 4103
546 2834 669 2896 Matri
699 2835 817 2895 deum
844 2856 850 2909 Ι
877 2866 1042 2906 magnae
1068 2853 1075 2907 Ι
1101 2865 1174 2906 pro
1195 2853 1320 2893 salute
1350 2852 1451 2903 adq.¹
1465 2848 1471 2906 Ι
1498 2849 1770 2890 incolumitate
1795 2846 1802 2904 Ι
1828 2848 1890 2888 dd.
1923 2860 1993 2888 nn.
2036 2906 2038 2908 ‚

290 2923 413 2975 Augg.
443 2929 483 2964 et
513 2923 657 2964 Caess.¹
687 2921 692 2976 Ι
721 2926 812 2963 Aur.
837 2922 1101 2962 Firminianus
1127 2919 1134 2975 Ι
1161 2933 1193 2960 v.
1215 2933 1254 2973 p.
1244 2950 1268 2969 .‚
1303 2919 1381 2959 dux
1413 2918 1522 2959 limit.
1553 2928 1664 2970 prov.
1696 2917 1816 2970 Scyt„
1844 2913 1850 2970 Ι
1877 2914 1994 2956 bonis

290 2992 472 3043 auspiciis
499 2989 505 3044 Ι
532 2991 789 3032 consecravit.

401 3057 518 3122 Tomis
522 3058 762 3122 (Koslendje)
768 3068 841 3120 rep.
834 3082 855 3101 .‚
878 3059 930 3090 est
946 3057 1097 3090 Parisiis
1114 3054 1189 3099 (111
1200 3054 1265 3117 764
1278 3053 1370 3086 vidit
1387 3052 1607 3093 Mommsen).
1620 3069 1663 3075 —
1690 3052 1722 3093 1)
1740 3051 1783 3084 A.
1796 3032 1993 3111 295—293.
