<?xml version="1.0" encoding="UTF-8"?>
<!DOCTYPE html PUBLIC "-//W3C//DTD XHTML 1.0 Transitional//EN"
    "http://www.w3.org/TR/xhtml1/DTD/xhtml1-transitional.dtd">
<html xmlns="http://www.w3.org/1999/xhtml" xml:lang="en" lang="en">
 <head>
  <title>
</title>
<meta http-equiv="Content-Type" content="text/html;charset=utf-8" />
  <meta name='ocr-system' content='tesseract 3.04.00' />
  <meta name='ocr-capabilities' content='ocr_page ocr_carea ocr_par ocr_line ocrx_word'/>
</head>
<body>
  <div class='ocr_page' id='page_1' title='image "./inscriptioneslat21dessuoft_0651.png"; bbox 0 0 2092 3360; ppageno 0'>
   <div class='ocr_carea' id='block_1_1' title="bbox 0 0 117 3360">
    <p class='ocr_par' dir='ltr' id='par_1_1' title="bbox 0 0 117 3360">
     <span class='ocr_line' id='line_1_1' title="bbox 0 0 117 3360; baseline 0 0"><span class='ocrx_word' id='word_1_1' title='bbox 0 0 117 3360; x_wconf 95' lang='lat' dir='ltr'><strong> </strong></span> 
     </span>
    </p>
   </div>
   <div class='ocr_carea' id='block_1_2' title="bbox 490 193 1881 242">
    <p class='ocr_par' dir='ltr' id='par_1_2' title="bbox 490 193 1881 242">
     <span class='ocr_line' id='line_1_2' title="bbox 490 193 1881 242; baseline 0.004 -12"><span class='ocrx_word' id='word_1_2' title='bbox 490 193 606 231; x_wconf 86' lang='lat' dir='ltr'><strong>Tituli</strong></span> <span class='ocrx_word' id='word_1_3' title='bbox 628 195 882 242; x_wconf 79' lang='lat' dir='ltr'><strong>municipales.</strong></span> <span class='ocrx_word' id='word_1_4' title='bbox 910 216 954 223; x_wconf 94' lang='lat'>—</span> <span class='ocrx_word' id='word_1_5' title='bbox 979 196 1122 234; x_wconf 82' lang='lat' dir='ltr'><strong>Tabula.</strong></span> <span class='ocrx_word' id='word_1_6' title='bbox 1146 197 1374 234; x_wconf 79' lang='lat' dir='ltr'><strong>alimentaria</strong></span> <span class='ocrx_word' id='word_1_7' title='bbox 1397 197 1554 234; x_wconf 82' lang='lat' dir='ltr'><strong>Veleias.</strong></span> <span class='ocrx_word' id='word_1_8' title='bbox 1800 197 1881 236; x_wconf 88' lang='grc'><strong>641</strong></span> 
     </span>
    </p>
   </div>
   <div class='ocr_carea' id='block_1_3' title="bbox 1306 315 1463 319">
    <p class='ocr_par' dir='ltr' id='par_1_3' title="bbox 1306 315 1463 319">
     <span class='ocr_line' id='line_1_3' title="bbox 1306 315 1463 319; baseline 0 0"><span class='ocrx_word' id='word_1_9' title='bbox 1306 315 1463 319; x_wconf 95' lang='lat' dir='ltr'><strong> </strong></span> 
     </span>
    </p>
   </div>
   <div class='ocr_carea' id='block_1_4' title="bbox 160 306 1887 642">
    <p class='ocr_par' dir='ltr' id='par_1_4' title="bbox 160 306 1887 642">
     <span class='ocr_line' id='line_1_4' title="bbox 162 306 1887 367; baseline 0.004 -19"><span class='ocrx_word' id='word_1_10' title='bbox 162 306 236 351; x_wconf 99' lang='grc' dir='ltr'><strong>ΗΞ</strong></span> <span class='ocrx_word' id='word_1_11' title='bbox 260 306 313 365; x_wconf 68' lang='grc' dir='ltr'><strong>ΙΞΙ</strong></span> <span class='ocrx_word' id='word_1_12' title='bbox 337 309 516 354; x_wconf 66' lang='lat' dir='ltr'><strong>ffixc</strong></span> <span class='ocrx_word' id='word_1_13' title='bbox 526 310 702 364; x_wconf 81' lang='lat'><strong>(1.014090)</strong></span> <span class='ocrx_word' id='word_1_14' title='bbox 724 325 777 362; x_wconf 85' lang='lat' dir='ltr'><strong>n.,</strong></span> <span class='ocrx_word' id='word_1_15' title='bbox 805 311 811 367; x_wconf 94' lang='grc' dir='ltr'>Ι</span> <span class='ocrx_word' id='word_1_16' title='bbox 839 314 1018 367; x_wconf 85' lang='lat' dir='ltr'><strong>accipere</strong></span> <span class='ocrx_word' id='word_1_17' title='bbox 1038 313 1187 354; x_wconf 88' lang='lat' dir='ltr'><strong>debent</strong></span> <span class='ocrx_word' id='word_1_18' title='bbox 1216 313 1287 357; x_wconf 90' lang='grc' dir='ltr'><strong>ΗΞ</strong></span> <span class='ocrx_word' id='word_1_19' title='bbox 1305 313 1658 358; x_wconf 76' lang='lat' dir='ltr'>XXCIIIDCCCCL</span> <span class='ocrx_word' id='word_1_20' title='bbox 1675 314 1815 367; x_wconf 85' lang='grc'><strong>(83.950)</strong></span> <span class='ocrx_word' id='word_1_21' title='bbox 1845 321 1887 355; x_wconf 93' lang='lat' dir='ltr'><strong>et</strong></span> 
     </span>
     <span class='ocr_line' id='line_1_5' title="bbox 162 377 1883 438; baseline 0.006 -21"><span class='ocrx_word' id='word_1_22' title='bbox 162 377 338 431; x_wconf 87' lang='lat' dir='ltr'><strong>obligare</strong></span> <span class='ocrx_word' id='word_1_23' title='bbox 360 379 505 420; x_wconf 79' lang='lat' dir='ltr'><strong>fundos</strong></span> <span class='ocrx_word' id='word_1_24' title='bbox 526 379 788 421; x_wconf 89' lang='lat' dir='ltr'><strong>Solonianum</strong></span> <span class='ocrx_word' id='word_1_25' title='bbox 820 393 910 422; x_wconf 91' lang='lat' dir='ltr'><strong>cum</strong></span> <span class='ocrx_word' id='word_1_26' title='bbox 937 380 943 438; x_wconf 95' lang='grc' dir='ltr'>Ι</span> <span class='ocrx_word' id='word_1_27' title='bbox 971 382 1321 424; x_wconf 82' lang='lat' dir='ltr'><strong>communionibus</strong></span> <span class='ocrx_word' id='word_1_28' title='bbox 1343 394 1395 433; x_wconf 75' lang='lat' dir='ltr'><strong>(et</strong></span> <span class='ocrx_word' id='word_1_29' title='bbox 1416 394 1546 427; x_wconf 81' lang='lat' dir='ltr'><strong>multos</strong></span> <span class='ocrx_word' id='word_1_30' title='bbox 1561 393 1664 436; x_wconf 72' lang='lat' dir='ltr'><strong>alios,</strong></span> <span class='ocrx_word' id='word_1_31' title='bbox 1686 394 1883 438; x_wconf 71' lang='lat' dir='ltr'><strong>postremo)</strong></span> 
     </span>
     <span class='ocr_line' id='line_1_6' title="bbox 160 446 1884 505; baseline 0.003 -19"><span class='ocrx_word' id='word_1_32' title='bbox 160 446 304 487; x_wconf 88' lang='lat' dir='ltr'><strong>saltum</strong></span> <span class='ocrx_word' id='word_1_33' title='bbox 336 448 535 488; x_wconf 85' lang='lat' dir='ltr'><strong>Bituniam</strong></span> <span class='ocrx_word' id='word_1_34' title='bbox 567 455 607 488; x_wconf 91' lang='lat' dir='ltr'><strong>et</strong></span> <span class='ocrx_word' id='word_1_35' title='bbox 635 448 891 490; x_wconf 88' lang='lat' dir='ltr'><strong>Albitemium</strong></span> <span class='ocrx_word' id='word_1_36' title='bbox 925 449 932 505; x_wconf 96' lang='grc' dir='ltr'>Ι</span> <span class='ocrx_word' id='word_1_37' title='bbox 969 451 1223 492; x_wconf 89' lang='lat' dir='ltr'><strong>Betutianum</strong></span> <span class='ocrx_word' id='word_1_38' title='bbox 1261 452 1330 504; x_wconf 91' lang='lat' dir='ltr'><strong>qui</strong></span> <span class='ocrx_word' id='word_1_39' title='bbox 1361 458 1421 492; x_wconf 87' lang='lat' dir='ltr'><strong>est</strong></span> <span class='ocrx_word' id='word_1_40' title='bbox 1459 452 1499 492; x_wconf 93' lang='lat' dir='ltr'><strong>in</strong></span> <span class='ocrx_word' id='word_1_41' title='bbox 1533 451 1704 492; x_wconf 86' lang='lat' dir='ltr'><strong>Veleiate</strong></span> <span class='ocrx_word' id='word_1_42' title='bbox 1734 457 1774 492; x_wconf 88' lang='lat' dir='ltr'><strong>et</strong></span> <span class='ocrx_word' id='word_1_43' title='bbox 1803 451 1884 492; x_wconf 93' lang='lat' dir='ltr'><strong>Lu-</strong></span> 
     </span>
     <span class='ocr_line' id='line_1_7' title="bbox 161 516 1886 573; baseline 0.003 -18"><span class='ocrx_word' id='word_1_44' title='bbox 161 526 282 556; x_wconf 87' lang='lat' dir='ltr'><strong>cense</strong></span> <span class='ocrx_word' id='word_1_45' title='bbox 320 516 432 568; x_wconf 84' lang='lat' dir='ltr'>pagis</span> <span class='ocrx_word' id='word_1_46' title='bbox 463 516 636 557; x_wconf 85' lang='lat' dir='ltr'><strong>Albense</strong></span> <span class='ocrx_word' id='word_1_47' title='bbox 667 523 707 558; x_wconf 91' lang='lat' dir='ltr'><strong>et</strong></span> <span class='ocrx_word' id='word_1_48' title='bbox 737 518 928 560; x_wconf 89' lang='lat' dir='ltr'><strong>Minervio</strong></span> <span class='ocrx_word' id='word_1_49' title='bbox 965 517 972 573; x_wconf 87' lang='grc' dir='ltr'>Ι</span> <span class='ocrx_word' id='word_1_50' title='bbox 1006 526 1046 560; x_wconf 89' lang='lat' dir='ltr'><strong>et</strong></span> <span class='ocrx_word' id='word_1_51' title='bbox 1076 519 1288 569; x_wconf 73' lang='lat' dir='ltr'><strong>Statielo”‚</strong></span> <span class='ocrx_word' id='word_1_52' title='bbox 1328 521 1405 560; x_wconf 75' lang='lat' dir='ltr'><strong>ads.</strong></span> <span class='ocrx_word' id='word_1_53' title='bbox 1436 533 1469 560; x_wconf 89' lang='lat' dir='ltr'><strong>r.</strong></span> <span class='ocrx_word' id='word_1_54' title='bbox 1501 533 1540 573; x_wconf 91' lang='lat' dir='ltr'><strong>p.</strong></span> <span class='ocrx_word' id='word_1_55' title='bbox 1575 520 1815 561; x_wconf 88' lang='lat' dir='ltr'><strong>Lucensium</strong></span> <span class='ocrx_word' id='word_1_56' title='bbox 1845 526 1886 561; x_wconf 90' lang='lat' dir='ltr'><strong>et</strong></span> 
     </span>
     <span class='ocr_line' id='line_1_8' title="bbox 161 581 1810 642; baseline 0.004 -19"><span class='ocrx_word' id='word_1_57' title='bbox 161 581 295 624; x_wconf 85' lang='lat' dir='ltr'><strong>Coelio</strong></span> <span class='ocrx_word' id='word_1_58' title='bbox 328 584 443 638; x_wconf 86' lang='lat' dir='ltr'><strong>Vero,</strong></span> <span class='ocrx_word' id='word_1_59' title='bbox 481 596 598 637; x_wconf 89' lang='lat' dir='ltr'><strong>quem</strong></span> <span class='ocrx_word' id='word_1_60' title='bbox 630 586 835 638; x_wconf 87' lang='lat' dir='ltr'><strong>professus</strong></span> <span class='ocrx_word' id='word_1_61' title='bbox 866 593 925 628; x_wconf 88' lang='lat' dir='ltr'><strong>est</strong></span> <span class='ocrx_word' id='word_1_62' title='bbox 955 587 1029 630; x_wconf 88' lang='grc' dir='ltr'><strong>ΗΞ</strong></span> <span class='ocrx_word' id='word_1_63' title='bbox 1050 588 1168 632; x_wconf 55' lang='lat' dir='ltr'>W</span> <span class='ocrx_word' id='word_1_64' title='bbox 1189 589 1348 640; x_wconf 86' lang='lat'><strong>(350.000)</strong></span> <span class='ocrx_word' id='word_1_65' title='bbox 1381 589 1421 628; x_wconf 91' lang='lat' dir='ltr'><strong>in</strong></span> <span class='ocrx_word' id='word_1_66' title='bbox 1454 587 1509 631; x_wconf 88' lang='grc' dir='ltr'><strong>ΙΞ</strong></span> <span class='ocrx_word' id='word_1_67' title='bbox 1529 589 1636 632; x_wconf 70' lang='lat' dir='ltr'>ffi</span> <span class='ocrx_word' id='word_1_68' title='bbox 1657 589 1810 642; x_wconf 86' lang='lat' dir='ltr'><strong>(3o.000).</strong></span> 
     </span>
    </p>
   </div>
   <div class='ocr_carea' id='block_1_5' title="bbox 155 665 1884 1610">
    <p class='ocr_par' dir='ltr' id='par_1_5' title="bbox 155 665 1884 1610">
     <span class='ocr_line' id='line_1_9' title="bbox 276 665 1883 722; baseline 0.006 -21"><span class='ocrx_word' id='word_1_69' title='bbox 276 666 440 711; x_wconf 84' lang='lat' dir='ltr'><em>(XLIII.)</em></span> <span class='ocrx_word' id='word_1_70' title='bbox 473 665 613 705; x_wconf 92' lang='lat' dir='ltr'><strong>Coloni</strong></span> <span class='ocrx_word' id='word_1_71' title='bbox 644 665 848 708; x_wconf 82' lang='lat' dir='ltr'><strong>Lucenses</strong></span> <span class='ocrx_word' id='word_1_72' title='bbox 878 667 1038 719; x_wconf 90' lang='lat' dir='ltr'><strong>publice</strong></span> <span class='ocrx_word' id='word_1_73' title='bbox 1068 668 1240 721; x_wconf 80' lang='lat' dir='ltr'><strong>professi</strong></span> <span class='ocrx_word' id='word_1_74' title='bbox 1271 674 1367 709; x_wconf 86' lang='lat' dir='ltr'><strong>sunt</strong></span> <span class='ocrx_word' id='word_1_75' title='bbox 1395 668 1517 709; x_wconf 86' lang='lat' dir='ltr'><strong>saltus</strong></span> <span class='ocrx_word' id='word_1_76' title='bbox 1547 669 1786 722; x_wconf 83' lang='lat' dir='ltr'><strong>praediaque</strong></span> <span class='ocrx_word' id='word_1_77' title='bbox 1817 669 1883 711; x_wconf 92' lang='lat' dir='ltr'><strong>Bi-</strong></span> 
     </span>
     <span class='ocr_line' id='line_1_10' title="bbox 159 731 1883 790; baseline 0.004 -19"><span class='ocrx_word' id='word_1_78' title='bbox 159 731 292 772; x_wconf 89' lang='lat' dir='ltr'><strong>tunias</strong></span> <span class='ocrx_word' id='word_1_79' title='bbox 322 732 403 773; x_wconf 89' lang='lat' dir='ltr'><strong>sive</strong></span> <span class='ocrx_word' id='word_1_80' title='bbox 434 745 514 786; x_wconf 91' lang='lat' dir='ltr'><strong>quo</strong></span> <span class='ocrx_word' id='word_1_81' title='bbox 541 732 548 788; x_wconf 94' lang='grc' dir='ltr'>Ι</span> <span class='ocrx_word' id='word_1_82' title='bbox 574 734 650 773; x_wconf 92' lang='lat' dir='ltr'><strong>alio</strong></span> <span class='ocrx_word' id='word_1_83' title='bbox 680 734 873 775; x_wconf 85' lang='lat' dir='ltr'><strong>vocabulo</strong></span> <span class='ocrx_word' id='word_1_84' title='bbox 905 741 1001 776; x_wconf 91' lang='lat' dir='ltr'><strong>sunt</strong></span> <span class='ocrx_word' id='word_1_85' title='bbox 1031 749 1104 789; x_wconf 89' lang='lat' dir='ltr'><strong>pro</strong></span> <span class='ocrx_word' id='word_1_86' title='bbox 1134 736 1301 778; x_wconf 86' lang='lat' dir='ltr'><strong>indiviso</strong></span> <span class='ocrx_word' id='word_1_87' title='bbox 1332 750 1406 790; x_wconf 91' lang='lat' dir='ltr'><strong>pro</strong></span> <span class='ocrx_word' id='word_1_88' title='bbox 1439 743 1550 790; x_wconf 88' lang='lat' dir='ltr'><strong>parte</strong></span> <span class='ocrx_word' id='word_1_89' title='bbox 1580 737 1746 786; x_wconf 81' lang='lat' dir='ltr'><strong>tertia²³,</strong></span> <span class='ocrx_word' id='word_1_90' title='bbox 1782 750 1883 790; x_wconf 89' lang='lat' dir='ltr'><strong>quae</strong></span> 
     </span>
     <span class='ocr_line' id='line_1_11' title="bbox 158 800 1883 859; baseline 0.005 -20"><span class='ocrx_word' id='word_1_91' title='bbox 158 811 252 853; x_wconf 88' lang='lat' dir='ltr'><strong>pars</strong></span> <span class='ocrx_word' id='word_1_92' title='bbox 282 800 356 841; x_wconf 83' lang='lat' dir='ltr'><strong>suit</strong></span> <span class='ocrx_word' id='word_1_93' title='bbox 387 800 429 841; x_wconf 91' lang='lat' dir='ltr'><strong>C.</strong></span> <span class='ocrx_word' id='word_1_94' title='bbox 450 801 530 841; x_wconf 86' lang='lat' dir='ltr'><strong>Atti</strong></span> <span class='ocrx_word' id='word_1_95' title='bbox 550 801 727 855; x_wconf 85' lang='lat' dir='ltr'><strong>Nepotis,</strong></span> <span class='ocrx_word' id='word_1_96' title='bbox 756 803 762 856; x_wconf 91' lang='grc' dir='ltr'>Ι</span> <span class='ocrx_word' id='word_1_97' title='bbox 789 809 828 844; x_wconf 89' lang='lat' dir='ltr'><strong>et</strong></span> <span class='ocrx_word' id='word_1_98' title='bbox 857 817 1128 857; x_wconf 88' lang='lat' dir='ltr'><strong>quascumque</strong></span> <span class='ocrx_word' id='word_1_99' title='bbox 1159 813 1292 858; x_wconf 86' lang='lat' dir='ltr'><strong>partes</strong></span> <span class='ocrx_word' id='word_1_100' title='bbox 1322 805 1461 846; x_wconf 89' lang='lat' dir='ltr'><strong>habuit</strong></span> <span class='ocrx_word' id='word_1_101' title='bbox 1480 805 1609 846; x_wconf 84' lang='lat' dir='ltr'><strong>Attius</strong></span> <span class='ocrx_word' id='word_1_102' title='bbox 1629 806 1762 859; x_wconf 89' lang='lat' dir='ltr'><strong>Nepos</strong></span> <span class='ocrx_word' id='word_1_103' title='bbox 1792 819 1883 847; x_wconf 91' lang='lat' dir='ltr'><strong>cum</strong></span> 
     </span>
     <span class='ocr_line' id='line_1_12' title="bbox 159 868 1883 928; baseline 0.004 -20"><span class='ocrx_word' id='word_1_104' title='bbox 159 868 286 910; x_wconf 82' lang='lat' dir='ltr'><strong>Annis</strong></span> <span class='ocrx_word' id='word_1_105' title='bbox 316 869 469 910; x_wconf 81' lang='lat' dir='ltr'><strong>fratrib.</strong></span> <span class='ocrx_word' id='word_1_106' title='bbox 501 877 540 910; x_wconf 90' lang='lat' dir='ltr'><strong>et</strong></span> <span class='ocrx_word' id='word_1_107' title='bbox 571 884 615 911; x_wconf 88' lang='lat' dir='ltr'><strong>re</strong></span> <span class='ocrx_word' id='word_1_108' title='bbox 644 884 684 924; x_wconf 90' lang='lat' dir='ltr'><strong>p.</strong></span> <span class='ocrx_word' id='word_1_109' title='bbox 716 872 958 913; x_wconf 89' lang='lat' dir='ltr'><strong>Lucensium</strong></span> <span class='ocrx_word' id='word_1_110' title='bbox 994 871 1000 928; x_wconf 95' lang='grc' dir='ltr'>Ι</span> <span class='ocrx_word' id='word_1_111' title='bbox 1035 880 1074 914; x_wconf 88' lang='lat' dir='ltr'><strong>et</strong></span> <span class='ocrx_word' id='word_1_112' title='bbox 1104 873 1238 914; x_wconf 87' lang='lat' dir='ltr'><strong>Coelio</strong></span> <span class='ocrx_word' id='word_1_113' title='bbox 1269 874 1386 923; x_wconf 90' lang='lat' dir='ltr'><strong>Vero,</strong></span> <span class='ocrx_word' id='word_1_114' title='bbox 1426 874 1519 914; x_wconf 90' lang='lat' dir='ltr'><strong>item</strong></span> <span class='ocrx_word' id='word_1_115' title='bbox 1551 873 1673 914; x_wconf 86' lang='lat' dir='ltr'><strong>saltus</strong></span> <span class='ocrx_word' id='word_1_116' title='bbox 1703 875 1883 927; x_wconf 88' lang='lat' dir='ltr'><strong>praedia-</strong></span> 
     </span>
     <span class='ocr_line' id='line_1_13' title="bbox 159 937 1883 997; baseline 0.005 -21"><span class='ocrx_word' id='word_1_117' title='bbox 159 949 238 990; x_wconf 90' lang='lat' dir='ltr'><strong>que</strong></span> <span class='ocrx_word' id='word_1_118' title='bbox 268 937 422 986; x_wconf 84' lang='lat' dir='ltr'><strong>iuncta‚</strong></span> <span class='ocrx_word' id='word_1_119' title='bbox 462 940 531 991; x_wconf 90' lang='lat' dir='ltr'><strong>qui</strong></span> <span class='ocrx_word' id='word_1_120' title='bbox 563 939 720 981; x_wconf 85' lang='lat' dir='ltr'><strong>Montes</strong></span> <span class='ocrx_word' id='word_1_121' title='bbox 751 941 1016 995; x_wconf 85' lang='lat' dir='ltr'><strong>appellantur,</strong></span> <span class='ocrx_word' id='word_1_122' title='bbox 1055 955 1157 994; x_wconf 91' lang='lat' dir='ltr'><strong>quae</strong></span> <span class='ocrx_word' id='word_1_123' title='bbox 1184 939 1189 997; x_wconf 97' lang='grc' dir='ltr'>Ι</span> <span class='ocrx_word' id='word_1_124' title='bbox 1223 943 1388 982; x_wconf 85' lang='lat' dir='ltr'><strong>fuerunt</strong></span> <span class='ocrx_word' id='word_1_125' title='bbox 1418 942 1498 982; x_wconf 84' lang='lat' dir='ltr'><strong>Atti</strong></span> <span class='ocrx_word' id='word_1_126' title='bbox 1527 942 1690 995; x_wconf 91' lang='lat' dir='ltr'><strong>Nepotis</strong></span> <span class='ocrx_word' id='word_1_127' title='bbox 1720 943 1883 996; x_wconf 90' lang='lat' dir='ltr'><strong>propria</strong></span> 
     </span>
     <span class='ocr_line' id='line_1_14' title="bbox 158 1005 1882 1066; baseline 0.004 -21"><span class='ocrx_word' id='word_1_128' title='bbox 158 1005 438 1059; x_wconf 89' lang='lat' dir='ltr'><strong>universaque,</strong></span> <span class='ocrx_word' id='word_1_129' title='bbox 478 1007 572 1048; x_wconf 86' lang='lat' dir='ltr'><strong>item</strong></span> <span class='ocrx_word' id='word_1_130' title='bbox 612 1008 735 1050; x_wconf 89' lang='lat' dir='ltr'><strong>saltus</strong></span> <span class='ocrx_word' id='word_1_131' title='bbox 765 1011 1006 1063; x_wconf 89' lang='lat' dir='ltr'><strong>praediaque</strong></span> <span class='ocrx_word' id='word_1_132' title='bbox 1039 1010 1192 1066; x_wconf 77' lang='lat' dir='ltr'><strong>Uccilae</strong></span> <span class='ocrx_word' id='word_1_133' title='bbox 1231 1018 1271 1051; x_wconf 90' lang='lat' dir='ltr'><strong>et</strong></span> <span class='ocrx_word' id='word_1_134' title='bbox 1301 1011 1423 1051; x_wconf 85' lang='lat' dir='ltr'><strong>saltus</strong></span> <span class='ocrx_word' id='word_1_135' title='bbox 1452 1010 1692 1063; x_wconf 88' lang='lat' dir='ltr'><strong>praediaque</strong></span> <span class='ocrx_word' id='word_1_136' title='bbox 1725 1011 1882 1052; x_wconf 89' lang='lat' dir='ltr'><strong>Latavio</strong></span> 
     </span>
     <span class='ocr_line' id='line_1_15' title="bbox 157 1074 1882 1135; baseline 0.005 -22"><span class='ocrx_word' id='word_1_137' title='bbox 157 1074 365 1127; x_wconf 85' lang='lat' dir='ltr'><strong>vectigalia</strong></span> <span class='ocrx_word' id='word_1_138' title='bbox 405 1082 445 1116; x_wconf 89' lang='lat' dir='ltr'><strong>et</strong></span> <span class='ocrx_word' id='word_1_139' title='bbox 475 1088 558 1116; x_wconf 91' lang='lat' dir='ltr'><strong>non</strong></span> <span class='ocrx_word' id='word_1_140' title='bbox 588 1077 805 1129; x_wconf 86' lang='lat' dir='ltr'><strong>vectigalia,</strong></span> <span class='ocrx_word' id='word_1_141' title='bbox 846 1084 885 1119; x_wconf 91' lang='lat' dir='ltr'><strong>et</strong></span> <span class='ocrx_word' id='word_1_142' title='bbox 918 1079 1041 1120; x_wconf 86' lang='lat' dir='ltr'><strong>saltus</strong></span> <span class='ocrx_word' id='word_1_143' title='bbox 1080 1080 1320 1132; x_wconf 87' lang='lat' dir='ltr'><strong>praediaque</strong></span> <span class='ocrx_word' id='word_1_144' title='bbox 1354 1077 1440 1135; x_wconf 68' lang='lat' dir='ltr'><strong>Lae}</strong></span> <span class='ocrx_word' id='word_1_145' title='bbox 1451 1079 1522 1119; x_wconf 90' lang='lat' dir='ltr'><strong>veli</strong></span> <span class='ocrx_word' id='word_1_146' title='bbox 1553 1087 1606 1132; x_wconf 76' lang='lat' dir='ltr'><strong>(ee</strong></span> <span class='ocrx_word' id='word_1_147' title='bbox 1628 1090 1741 1123; x_wconf 77' lang='lat' dir='ltr'><strong>multa</strong></span> <span class='ocrx_word' id='word_1_148' title='bbox 1765 1089 1882 1132; x_wconf 83' lang='lat' dir='ltr'><strong>alia):</strong></span> 
     </span>
     <span class='ocr_line' id='line_1_16' title="bbox 159 1142 1881 1197; baseline 0.003 -15"><span class='ocrx_word' id='word_1_149' title='bbox 159 1142 227 1194; x_wconf 91' lang='lat' dir='ltr'><strong>qui</strong></span> <span class='ocrx_word' id='word_1_150' title='bbox 266 1148 362 1183; x_wconf 88' lang='lat' dir='ltr'><strong>sunt</strong></span> <span class='ocrx_word' id='word_1_151' title='bbox 398 1143 438 1184; x_wconf 93' lang='lat' dir='ltr'><strong>in</strong></span> <span class='ocrx_word' id='word_1_152' title='bbox 473 1143 645 1185; x_wconf 88' lang='lat' dir='ltr'><strong>Lucensi</strong></span> <span class='ocrx_word' id='word_1_153' title='bbox 685 1151 726 1186; x_wconf 92' lang='lat' dir='ltr'><strong>et</strong></span> <span class='ocrx_word' id='word_1_154' title='bbox 765 1147 806 1186; x_wconf 92' lang='lat' dir='ltr'><strong>in</strong></span> <span class='ocrx_word' id='word_1_155' title='bbox 838 1146 1010 1188; x_wconf 86' lang='lat' dir='ltr'><strong>Veleiate</strong></span> <span class='ocrx_word' id='word_1_156' title='bbox 1047 1147 1055 1197; x_wconf 95' lang='grc' dir='ltr'>Ι</span> <span class='ocrx_word' id='word_1_157' title='bbox 1096 1153 1136 1188; x_wconf 85' lang='lat' dir='ltr'><strong>et</strong></span> <span class='ocrx_word' id='word_1_158' title='bbox 1172 1148 1213 1188; x_wconf 94' lang='lat' dir='ltr'><strong>in</strong></span> <span class='ocrx_word' id='word_1_159' title='bbox 1248 1148 1461 1187; x_wconf 89' lang='lat' dir='ltr'><strong>Parmense</strong></span> <span class='ocrx_word' id='word_1_160' title='bbox 1499 1152 1539 1187; x_wconf 88' lang='lat' dir='ltr'><strong>et</strong></span> <span class='ocrx_word' id='word_1_161' title='bbox 1574 1147 1615 1187; x_wconf 90' lang='lat' dir='ltr'><strong>in</strong></span> <span class='ocrx_word' id='word_1_162' title='bbox 1647 1147 1881 1188; x_wconf 89' lang='lat' dir='ltr'><strong>Placentino</strong></span> 
     </span>
     <span class='ocr_line' id='line_1_17' title="bbox 158 1211 1884 1270; baseline 0.004 -20"><span class='ocrx_word' id='word_1_163' title='bbox 158 1217 198 1250; x_wconf 90' lang='lat' dir='ltr'><strong>et</strong></span> <span class='ocrx_word' id='word_1_164' title='bbox 236 1211 459 1260; x_wconf 87' lang='lat' dir='ltr'><strong>montibus,</strong></span> <span class='ocrx_word' id='word_1_165' title='bbox 505 1212 582 1252; x_wconf 78' lang='lat' dir='ltr'><strong>ads.</strong></span> <span class='ocrx_word' id='word_1_166' title='bbox 624 1214 898 1266; x_wconf 85' lang='lat' dir='ltr'><strong>compluribus</strong></span> <span class='ocrx_word' id='word_1_167' title='bbox 944 1216 1120 1269; x_wconf 87' lang='lat' dir='ltr'><strong>exceptis</strong></span> <span class='ocrx_word' id='word_1_168' title='bbox 1159 1214 1165 1270; x_wconf 95' lang='grc' dir='ltr'>Ι</span> <span class='ocrx_word' id='word_1_169' title='bbox 1205 1217 1363 1269; x_wconf 88' lang='lat' dir='ltr'><strong>praedis</strong></span> <span class='ocrx_word' id='word_1_170' title='bbox 1408 1216 1653 1256; x_wconf 88' lang='lat' dir='ltr'><strong>Caerelliano</strong></span> <span class='ocrx_word' id='word_1_171' title='bbox 1699 1216 1800 1256; x_wconf 88' lang='lat' dir='ltr'><strong>colle</strong></span> <span class='ocrx_word' id='word_1_172' title='bbox 1845 1222 1884 1257; x_wconf 90' lang='lat' dir='ltr'><strong>et</strong></span> 
     </span>
     <span class='ocr_line' id='line_1_18' title="bbox 157 1280 1882 1340; baseline 0.004 -22"><span class='ocrx_word' id='word_1_173' title='bbox 157 1280 333 1332; x_wconf 89' lang='lat' dir='ltr'><strong>praedis,</strong></span> <span class='ocrx_word' id='word_1_174' title='bbox 381 1292 481 1333; x_wconf 91' lang='lat' dir='ltr'><strong>quae</strong></span> <span class='ocrx_word' id='word_1_175' title='bbox 519 1282 648 1322; x_wconf 84' lang='lat' dir='ltr'><strong>Attius</strong></span> <span class='ocrx_word' id='word_1_176' title='bbox 686 1282 822 1336; x_wconf 89' lang='lat' dir='ltr'><strong>Nepos</strong></span> <span class='ocrx_word' id='word_1_177' title='bbox 865 1297 956 1324; x_wconf 83' lang='lat' dir='ltr'><strong>oum</strong></span> <span class='ocrx_word' id='word_1_178' title='bbox 1000 1284 1176 1325; x_wconf 87' lang='lat' dir='ltr'><strong>Priscilla</strong></span> <span class='ocrx_word' id='word_1_179' title='bbox 1221 1281 1452 1340; x_wconf 67' lang='lat' dir='ltr'><strong>alilquando</strong></span> <span class='ocrx_word' id='word_1_180' title='bbox 1498 1284 1675 1337; x_wconf 87' lang='lat' dir='ltr'><strong>possedit</strong></span> <span class='ocrx_word' id='word_1_181' title='bbox 1715 1284 1788 1327; x_wconf 90' lang='grc' dir='ltr'><strong>ΗΞ</strong></span> <span class='ocrx_word' id='word_1_182' title='bbox 1825 1285 1882 1325; x_wconf 83' lang='lat' dir='ltr'><strong>vi-</strong></span> 
     </span>
     <span class='ocr_line' id='line_1_19' title="bbox 157 1347 1882 1408; baseline 0.004 -21"><span class='ocrx_word' id='word_1_183' title='bbox 157 1347 239 1388; x_wconf 90' lang='lat' dir='ltr'><strong>cies</strong></span> <span class='ocrx_word' id='word_1_184' title='bbox 270 1347 497 1400; x_wconf 88' lang='lat' dir='ltr'><strong>quinquies,</strong></span> <span class='ocrx_word' id='word_1_185' title='bbox 532 1349 713 1391; x_wconf 86' lang='lat' dir='ltr'><strong>deductis</strong></span> <span class='ocrx_word' id='word_1_186' title='bbox 743 1351 906 1404; x_wconf 90' lang='lat' dir='ltr'><strong>reliquis</strong></span> <span class='ocrx_word' id='word_1_187' title='bbox 937 1352 1173 1393; x_wconf 90' lang='lat' dir='ltr'><strong>colonorum</strong></span> <span class='ocrx_word' id='word_1_188' title='bbox 1205 1359 1244 1393; x_wconf 92' lang='lat' dir='ltr'><strong>et</strong></span> <span class='ocrx_word' id='word_1_189' title='bbox 1269 1350 1276 1408; x_wconf 96' lang='grc' dir='ltr'>Ι</span> <span class='ocrx_word' id='word_1_190' title='bbox 1302 1353 1434 1394; x_wconf 89' lang='lat' dir='ltr'><strong>usuris</strong></span> <span class='ocrx_word' id='word_1_191' title='bbox 1464 1353 1658 1406; x_wconf 89' lang='lat' dir='ltr'><strong>pecuniae</strong></span> <span class='ocrx_word' id='word_1_192' title='bbox 1689 1359 1728 1393; x_wconf 91' lang='lat' dir='ltr'><strong>et</strong></span> <span class='ocrx_word' id='word_1_193' title='bbox 1759 1354 1882 1406; x_wconf 86' lang='lat' dir='ltr'><strong>pretis</strong></span> 
     </span>
     <span class='ocr_line' id='line_1_20' title="bbox 158 1417 1882 1477; baseline 0.003 -21"><span class='ocrx_word' id='word_1_194' title='bbox 158 1417 468 1470; x_wconf 83' lang='lat' dir='ltr'><strong>mancipiorum,</strong></span> <span class='ocrx_word' id='word_1_195' title='bbox 510 1429 612 1469; x_wconf 92' lang='lat' dir='ltr'><strong>quae</strong></span> <span class='ocrx_word' id='word_1_196' title='bbox 643 1418 684 1458; x_wconf 92' lang='lat' dir='ltr'><strong>in</strong></span> <span class='ocrx_word' id='word_1_197' title='bbox 717 1418 966 1473; x_wconf 85' lang='lat' dir='ltr'><strong>inemptione</strong></span> <span class='ocrx_word' id='word_1_198' title='bbox 1007 1421 1064 1462; x_wconf 88' lang='lat' dir='ltr'><strong>eis</strong></span> <span class='ocrx_word' id='word_1_199' title='bbox 1093 1427 1321 1470; x_wconf 87' lang='lat' dir='ltr'><strong>cesserunt,</strong></span> <span class='ocrx_word' id='word_1_200' title='bbox 1362 1418 1368 1477; x_wconf 95' lang='grc' dir='ltr'>Ι</span> <span class='ocrx_word' id='word_1_201' title='bbox 1409 1420 1542 1461; x_wconf 87' lang='lat' dir='ltr'><strong>habita</strong></span> <span class='ocrx_word' id='word_1_202' title='bbox 1572 1422 1726 1461; x_wconf 86' lang='lat' dir='ltr'><strong>ratione</strong></span> <span class='ocrx_word' id='word_1_203' title='bbox 1765 1422 1882 1462; x_wconf 88' lang='lat' dir='ltr'><strong>etiam</strong></span> 
     </span>
     <span class='ocr_line' id='line_1_21' title="bbox 155 1483 1881 1544; baseline 0.003 -20"><span class='ocrx_word' id='word_1_204' title='bbox 155 1485 418 1538; x_wconf 87' lang='lat' dir='ltr'><strong>vectigalium,</strong></span> <span class='ocrx_word' id='word_1_205' title='bbox 451 1484 524 1528; x_wconf 89' lang='grc' dir='ltr'><strong>ΗΞ</strong></span> <span class='ocrx_word' id='word_1_206' title='bbox 542 1483 672 1542; x_wconf 54' lang='grc' dir='ltr'><strong>ΙῗὶἦΙ.</strong></span> <span class='ocrx_word' id='word_1_207' title='bbox 714 1488 905 1541; x_wconf 81' lang='lat' dir='ltr'><strong>Accipere</strong></span> <span class='ocrx_word' id='word_1_208' title='bbox 926 1489 1076 1530; x_wconf 87' lang='lat' dir='ltr'><strong>debent</strong></span> <span class='ocrx_word' id='word_1_209' title='bbox 1095 1489 1169 1532; x_wconf 89' lang='grc' dir='ltr'><strong>ΗΞ</strong></span> <span class='ocrx_word' id='word_1_210' title='bbox 1184 1499 1374 1534; x_wconf 78' lang='lat' dir='ltr'>CXXVIII</span> <span class='ocrx_word' id='word_1_211' title='bbox 1391 1486 1642 1544; x_wconf 66' lang='lat' dir='ltr'><strong>DcclLXxx</strong></span> <span class='ocrx_word' id='word_1_212' title='bbox 1658 1490 1818 1542; x_wconf 79' lang='lat'><strong>(128.780)</strong></span> <span class='ocrx_word' id='word_1_213' title='bbox 1840 1504 1881 1530; x_wconf 91' lang='lat' dir='ltr'><strong>n.</strong></span> 
     </span>
     <span class='ocr_line' id='line_1_22' title="bbox 157 1552 1723 1610; baseline 0.004 -18"><span class='ocrx_word' id='word_1_214' title='bbox 157 1558 198 1592; x_wconf 87' lang='lat' dir='ltr'><strong>et</strong></span> <span class='ocrx_word' id='word_1_215' title='bbox 227 1552 402 1606; x_wconf 89' lang='lat' dir='ltr'><strong>obligare</strong></span> <span class='ocrx_word' id='word_1_216' title='bbox 432 1554 555 1595; x_wconf 88' lang='lat' dir='ltr'><strong>saltus</strong></span> <span class='ocrx_word' id='word_1_217' title='bbox 584 1556 665 1597; x_wconf 89' lang='lat' dir='ltr'><strong>sive</strong></span> <span class='ocrx_word' id='word_1_218' title='bbox 696 1557 856 1610; x_wconf 87' lang='lat' dir='ltr'><strong>praedia</strong></span> <span class='ocrx_word' id='word_1_219' title='bbox 887 1570 989 1609; x_wconf 87' lang='lat' dir='ltr'><strong>quae</strong></span> <span class='ocrx_word' id='word_1_220' title='bbox 1019 1571 1050 1598; x_wconf 93' lang='lat' dir='ltr'><strong>s.</strong></span> <span class='ocrx_word' id='word_1_221' title='bbox 1081 1571 1111 1600; x_wconf 82' lang='lat' dir='ltr'><strong>s,</strong></span> <span class='ocrx_word' id='word_1_222' title='bbox 1146 1571 1192 1606; x_wconf 89' lang='lat' dir='ltr'><strong>s.,</strong></span> <span class='ocrx_word' id='word_1_223' title='bbox 1229 1557 1399 1598; x_wconf 89' lang='lat' dir='ltr'><strong>deducta</strong></span> <span class='ocrx_word' id='word_1_224' title='bbox 1429 1564 1542 1610; x_wconf 84' lang='lat' dir='ltr'><strong>parte</strong></span> <span class='ocrx_word' id='word_1_225' title='bbox 1572 1564 1723 1610; x_wconf 87' lang='lat' dir='ltr'><strong>quarta.</strong></span> 
     </span>
    </p>
   </div>
   <div class='ocr_carea' id='block_1_6' title="bbox 1189 1490 1374 1496">
    <p class='ocr_par' dir='ltr' id='par_1_6' title="bbox 1189 1490 1374 1496">
     <span class='ocr_line' id='line_1_23' title="bbox 1189 1490 1374 1496; baseline 0 0"><span class='ocrx_word' id='word_1_226' title='bbox 1189 1490 1374 1496; x_wconf 95' lang='lat' dir='ltr'><strong> </strong></span> 
     </span>
    </p>
   </div>
   <div class='ocr_carea' id='block_1_7' title="bbox 156 1623 1881 2283">
    <p class='ocr_par' dir='ltr' id='par_1_7' title="bbox 901 1623 1784 1668">
     <span class='ocr_line' id='line_1_24' title="bbox 901 1623 1784 1668; baseline 0.005 -11"><span class='ocrx_word' id='word_1_227' title='bbox 901 1623 1002 1667; x_wconf 83' lang='lat' dir='ltr'><strong>(Post</strong></span> <span class='ocrx_word' id='word_1_228' title='bbox 1025 1623 1140 1668; x_wconf 86' lang='lat' dir='ltr'><strong>alia):</strong></span> <span class='ocrx_word' id='word_1_229' title='bbox 1782 1659 1784 1661; x_wconf 90' lang='lat'><strong>.</strong></span> 
     </span>
    </p>

    <p class='ocr_par' dir='ltr' id='par_1_8' title="bbox 156 1678 1881 2076">
     <span class='ocr_line' id='line_1_25' title="bbox 271 1678 1880 1737; baseline 0.004 -19"><span class='ocrx_word' id='word_1_230' title='bbox 271 1678 369 1718; x_wconf 90' lang='lat' dir='ltr'><strong>Item</strong></span> <span class='ocrx_word' id='word_1_231' title='bbox 401 1678 587 1732; x_wconf 84' lang='lat' dir='ltr'><strong>obligatio</strong></span> <span class='ocrx_word' id='word_1_232' title='bbox 612 1681 909 1734; x_wconf 82' lang='lat' dir='ltr'><strong>praediorum²⁴</strong></span> <span class='ocrx_word' id='word_1_233' title='bbox 937 1682 1038 1723; x_wconf 85' lang='lat' dir='ltr'><strong>facta</strong></span> <span class='ocrx_word' id='word_1_234' title='bbox 1068 1694 1141 1735; x_wconf 90' lang='lat' dir='ltr'><strong>per</strong></span> <span class='ocrx_word' id='word_1_235' title='bbox 1171 1682 1398 1722; x_wconf 88' lang='lat' dir='ltr'><strong>Cornelium</strong></span> <span class='ocrx_word' id='word_1_236' title='bbox 1422 1682 1667 1723; x_wconf 91' lang='lat' dir='ltr'><strong>Gallicanum</strong></span> <span class='ocrx_word' id='word_1_237' title='bbox 1694 1681 1702 1737; x_wconf 93' lang='grc' dir='ltr'>Ι</span> <span class='ocrx_word' id='word_1_238' title='bbox 1729 1683 1780 1723; x_wconf 92' lang='lat' dir='ltr'><strong>ob</strong></span> <span class='ocrx_word' id='word_1_239' title='bbox 1807 1683 1880 1726; x_wconf 87' lang='grc' dir='ltr'><strong>ΗΞ</strong></span> 
     </span>
     <span class='ocr_line' id='line_1_26' title="bbox 156 1747 1880 1805; baseline 0.001 -14"><span class='ocrx_word' id='word_1_240' title='bbox 156 1755 296 1791; x_wconf 86' lang='lat' dir='ltr'>LXXII</span> <span class='ocrx_word' id='word_1_241' title='bbox 319 1747 457 1800; x_wconf 80' lang='lat'><strong>(72000),</strong></span> <span class='ocrx_word' id='word_1_242' title='bbox 499 1754 543 1789; x_wconf 93' lang='lat' dir='ltr'><strong>ut</strong></span> <span class='ocrx_word' id='word_1_243' title='bbox 573 1761 621 1789; x_wconf 84' lang='lat' dir='ltr'><strong>ex</strong></span> <span class='ocrx_word' id='word_1_244' title='bbox 650 1749 899 1802; x_wconf 88' lang='lat' dir='ltr'><strong>indulgentia</strong></span> <span class='ocrx_word' id='word_1_245' title='bbox 932 1750 1072 1803; x_wconf 92' lang='lat' dir='ltr'><strong>optimi</strong></span> <span class='ocrx_word' id='word_1_246' title='bbox 1102 1751 1344 1802; x_wconf 90' lang='lat' dir='ltr'><strong>maximique</strong></span> <span class='ocrx_word' id='word_1_247' title='bbox 1375 1750 1569 1803; x_wconf 89' lang='lat' dir='ltr'><strong>principis</strong></span> <span class='ocrx_word' id='word_1_248' title='bbox 1604 1749 1611 1805; x_wconf 95' lang='grc' dir='ltr'>Ι</span> <span class='ocrx_word' id='word_1_249' title='bbox 1645 1751 1739 1804; x_wconf 87' lang='lat' dir='ltr'><strong>imp.</strong></span> <span class='ocrx_word' id='word_1_250' title='bbox 1772 1752 1880 1793; x_wconf 89' lang='lat' dir='ltr'><strong>Caes.</strong></span> 
     </span>
     <span class='ocr_line' id='line_1_27' title="bbox 157 1815 1880 1874; baseline 0.002 -19"><span class='ocrx_word' id='word_1_251' title='bbox 157 1815 307 1856; x_wconf 88' lang='lat' dir='ltr'><strong>Nervae</strong></span> <span class='ocrx_word' id='word_1_252' title='bbox 346 1816 507 1857; x_wconf 90' lang='lat' dir='ltr'><strong>Traiani</strong></span> <span class='ocrx_word' id='word_1_253' title='bbox 547 1817 716 1870; x_wconf 81' lang='lat' dir='ltr'><strong>Augusti</strong></span> <span class='ocrx_word' id='word_1_254' title='bbox 755 1818 981 1858; x_wconf 88' lang='lat' dir='ltr'><strong>Germanici</strong></span> <span class='ocrx_word' id='word_1_255' title='bbox 1021 1819 1134 1871; x_wconf 88' lang='lat' dir='ltr'><strong>pueri</strong></span> <span class='ocrx_word' id='word_1_256' title='bbox 1175 1819 1371 1871; x_wconf 87' lang='lat' dir='ltr'><strong>puellaeq.</strong></span> <span class='ocrx_word' id='word_1_257' title='bbox 1407 1816 1413 1874; x_wconf 96' lang='grc' dir='ltr'>Ι</span> <span class='ocrx_word' id='word_1_258' title='bbox 1449 1819 1635 1859; x_wconf 88' lang='lat' dir='ltr'><strong>alimenta</strong></span> <span class='ocrx_word' id='word_1_259' title='bbox 1671 1820 1880 1872; x_wconf 89' lang='lat' dir='ltr'><strong>accipiant,</strong></span> 
     </span>
     <span class='ocr_line' id='line_1_28' title="bbox 156 1883 1881 1942; baseline 0.003 -19"><span class='ocrx_word' id='word_1_260' title='bbox 156 1883 319 1937; x_wconf 87' lang='lat' dir='ltr'><strong>legitimi</strong></span> <span class='ocrx_word' id='word_1_261' title='bbox 352 1884 408 1924; x_wconf 82' lang='lat' dir='ltr'><strong>n.⁸</strong></span> <span class='ocrx_word' id='word_1_262' title='bbox 435 1883 564 1932; x_wconf 84' lang='lat' dir='ltr'><strong>XIIX,</strong></span> <span class='ocrx_word' id='word_1_263' title='bbox 597 1885 637 1924; x_wconf 90' lang='lat' dir='ltr'><strong>in</strong></span> <span class='ocrx_word' id='word_1_264' title='bbox 658 1886 838 1938; x_wconf 89' lang='lat' dir='ltr'><strong>singulos</strong></span> <span class='ocrx_word' id='word_1_265' title='bbox 862 1885 933 1928; x_wconf 86' lang='grc' dir='ltr'><strong>ΗΞ</strong></span> <span class='ocrx_word' id='word_1_266' title='bbox 952 1886 1063 1926; x_wconf 82' lang='lat' dir='ltr'><strong>XV1⁴</strong></span> <span class='ocrx_word' id='word_1_267' title='bbox 1094 1887 1163 1934; x_wconf 48' lang='grc' dir='ltr'><strong>ΠΡ,</strong></span> <span class='ocrx_word' id='word_1_268' title='bbox 1196 1886 1202 1942; x_wconf 94' lang='grc' dir='ltr'>Ι</span> <span class='ocrx_word' id='word_1_269' title='bbox 1238 1888 1342 1927; x_wconf 88' lang='lat' dir='ltr'><strong>fiunt</strong></span> <span class='ocrx_word' id='word_1_270' title='bbox 1362 1885 1435 1928; x_wconf 89' lang='grc' dir='ltr'><strong>ΗΞ</strong></span> <span class='ocrx_word' id='word_1_271' title='bbox 1455 1885 1513 1929; x_wconf 70' lang='grc' dir='ltr'><strong>ΪῊ</strong></span> <span class='ocrx_word' id='word_1_272' title='bbox 1535 1887 1881 1940; x_wconf 79' lang='lat' dir='ltr'>CCCCLV1(3456),</span> 
     </span>
     <span class='ocr_line' id='line_1_29' title="bbox 156 1951 1881 2008; baseline 0.003 -16"><span class='ocrx_word' id='word_1_273' title='bbox 156 1952 330 2005; x_wconf 83' lang='lat' dir='ltr'><strong>legitima</strong></span> <span class='ocrx_word' id='word_1_274' title='bbox 359 1951 432 1995; x_wconf 88' lang='grc' dir='ltr'><strong>ΗΞ</strong></span> <span class='ocrx_word' id='word_1_275' title='bbox 451 1951 544 2001; x_wconf 89' lang='lat' dir='ltr'><strong>Xll;</strong></span> <span class='ocrx_word' id='word_1_276' title='bbox 590 1954 635 1992; x_wconf 89' lang='lat' dir='ltr'><strong>fit</strong></span> <span class='ocrx_word' id='word_1_277' title='bbox 664 1966 817 1994; x_wconf 89' lang='lat' dir='ltr'><strong>summa</strong></span> <span class='ocrx_word' id='word_1_278' title='bbox 857 1960 1025 2006; x_wconf 89' lang='lat' dir='ltr'><strong>utraque</strong></span> <span class='ocrx_word' id='word_1_279' title='bbox 1067 1952 1073 2008; x_wconf 96' lang='grc' dir='ltr'>Ι</span> <span class='ocrx_word' id='word_1_280' title='bbox 1114 1953 1350 1997; x_wconf 71' lang='lat' dir='ltr'><strong>Hsffiflc</strong></span> <span class='ocrx_word' id='word_1_281' title='bbox 1372 1954 1492 2007; x_wconf 84' lang='lat'>(3600),</span> <span class='ocrx_word' id='word_1_282' title='bbox 1540 1967 1640 2007; x_wconf 91' lang='lat' dir='ltr'><strong>quae</strong></span> <span class='ocrx_word' id='word_1_283' title='bbox 1679 1957 1723 1996; x_wconf 85' lang='lat' dir='ltr'><strong>fit</strong></span> <span class='ocrx_word' id='word_1_284' title='bbox 1762 1969 1881 1997; x_wconf 89' lang='lat' dir='ltr'><strong>usura</strong></span> 
     </span>
     <span class='ocr_line' id='line_1_30' title="bbox 165 2019 652 2076; baseline 0 -16"><span class='ocrx_word' id='word_1_285' title='bbox 165 2019 324 2076; x_wconf 48' lang='lat' dir='ltr'><strong>30⁹·ssss</strong></span> <span class='ocrx_word' id='word_1_286' title='bbox 352 2033 529 2061; x_wconf 87' lang='lat' dir='ltr'><strong>summae</strong></span> <span class='ocrx_word' id='word_1_287' title='bbox 559 2033 590 2061; x_wconf 91' lang='lat' dir='ltr'><strong>s.</strong></span> <span class='ocrx_word' id='word_1_288' title='bbox 621 2033 652 2060; x_wconf 92' lang='lat' dir='ltr'><strong>s.</strong></span> 
     </span>
    </p>

    <p class='ocr_par' dir='ltr' id='par_1_9' title="bbox 158 2088 1880 2283">
     <span class='ocr_line' id='line_1_31' title="bbox 272 2088 1877 2149; baseline 0.004 -22"><span class='ocrx_word' id='word_1_289' title='bbox 272 2093 451 2139; x_wconf 81' lang='lat' dir='ltr'><em>(XLVII.)</em></span> <span class='ocrx_word' id='word_1_290' title='bbox 479 2089 519 2129; x_wconf 94' lang='lat' dir='ltr'><strong>C.</strong></span> <span class='ocrx_word' id='word_1_291' title='bbox 538 2088 694 2129; x_wconf 86' lang='lat' dir='ltr'><strong>Coelius</strong></span> <span class='ocrx_word' id='word_1_292' title='bbox 705 2089 831 2130; x_wconf 90' lang='lat' dir='ltr'><strong>Verus</strong></span> <span class='ocrx_word' id='word_1_293' title='bbox 853 2091 1056 2143; x_wconf 87' lang='lat' dir='ltr'><strong>professus</strong></span> <span class='ocrx_word' id='word_1_294' title='bbox 1077 2096 1137 2131; x_wconf 92' lang='lat' dir='ltr'><strong>est</strong></span> <span class='ocrx_word' id='word_1_295' title='bbox 1157 2091 1279 2131; x_wconf 88' lang='lat' dir='ltr'><strong>saltus</strong></span> <span class='ocrx_word' id='word_1_296' title='bbox 1293 2092 1463 2143; x_wconf 86' lang='lat' dir='ltr'><strong>Avegam</strong></span> <span class='ocrx_word' id='word_1_297' title='bbox 1482 2090 1667 2132; x_wconf 91' lang='lat' dir='ltr'><strong>Veccium</strong></span> <span class='ocrx_word' id='word_1_298' title='bbox 1684 2091 1877 2149; x_wconf 72' lang='lat' dir='ltr'><strong>Debelos}</strong></span> 
     </span>
     <span class='ocr_line' id='line_1_32' title="bbox 158 2156 1880 2214; baseline 0.002 -16"><span class='ocrx_word' id='word_1_299' title='bbox 158 2170 249 2198; x_wconf 87' lang='lat' dir='ltr'><strong>cum</strong></span> <span class='ocrx_word' id='word_1_300' title='bbox 269 2157 418 2211; x_wconf 87' lang='lat' dir='ltr'><strong>figlinis</strong></span> <span class='ocrx_word' id='word_1_301' title='bbox 447 2158 570 2198; x_wconf 88' lang='lat' dir='ltr'><strong>saltus</strong></span> <span class='ocrx_word' id='word_1_302' title='bbox 591 2157 742 2198; x_wconf 88' lang='lat' dir='ltr'><strong>Velvias</strong></span> <span class='ocrx_word' id='word_1_303' title='bbox 763 2158 1081 2207; x_wconf 87' lang='lat' dir='ltr'><strong>Leucomelium,</strong></span> <span class='ocrx_word' id='word_1_304' title='bbox 1113 2158 1182 2211; x_wconf 91' lang='lat' dir='ltr'><strong>qui</strong></span> <span class='ocrx_word' id='word_1_305' title='bbox 1201 2165 1297 2199; x_wconf 91' lang='lat' dir='ltr'><strong>sunt</strong></span> <span class='ocrx_word' id='word_1_306' title='bbox 1326 2159 1366 2199; x_wconf 96' lang='lat' dir='ltr'><strong>in</strong></span> <span class='ocrx_word' id='word_1_307' title='bbox 1390 2156 1573 2214; x_wconf 72' lang='lat' dir='ltr'><strong>Velleiate</strong></span> <span class='ocrx_word' id='word_1_308' title='bbox 1594 2173 1684 2213; x_wconf 88' lang='lat' dir='ltr'><strong>pag.</strong></span> <span class='ocrx_word' id='word_1_309' title='bbox 1706 2160 1880 2202; x_wconf 86' lang='lat' dir='ltr'><strong>Albense</strong></span> 
     </span>
     <span class='ocr_line' id='line_1_33' title="bbox 158 2223 1879 2283; baseline 0.002 -17"><span class='ocrx_word' id='word_1_310' title='bbox 158 2233 198 2266; x_wconf 91' lang='lat' dir='ltr'><strong>et</strong></span> <span class='ocrx_word' id='word_1_311' title='bbox 228 2226 388 2275; x_wconf 88' lang='lat' dir='ltr'><strong>Velleio,</strong></span> <span class='ocrx_word' id='word_1_312' title='bbox 428 2226 506 2266; x_wconf 81' lang='lat' dir='ltr'><strong>ads.</strong></span> <span class='ocrx_word' id='word_1_313' title='bbox 539 2238 623 2278; x_wconf 91' lang='lat' dir='ltr'><strong>rep.</strong></span> <span class='ocrx_word' id='word_1_314' title='bbox 655 2226 896 2267; x_wconf 88' lang='lat' dir='ltr'><strong>Lucensium</strong></span> <span class='ocrx_word' id='word_1_315' title='bbox 931 2233 970 2267; x_wconf 91' lang='lat' dir='ltr'><strong>et</strong></span> <span class='ocrx_word' id='word_1_316' title='bbox 999 2239 1084 2280; x_wconf 90' lang='lat' dir='ltr'><strong>rep.</strong></span> <span class='ocrx_word' id='word_1_317' title='bbox 1115 2223 1407 2281; x_wconf 74' lang='lat' dir='ltr'><strong>Velveleiatium</strong></span> <span class='ocrx_word' id='word_1_318' title='bbox 1427 2231 1525 2277; x_wconf 74' lang='lat' dir='ltr'><strong>(sic),</strong></span> <span class='ocrx_word' id='word_1_319' title='bbox 1556 2227 1631 2271; x_wconf 84' lang='grc' dir='ltr'><strong>ΗΞ</strong></span> <span class='ocrx_word' id='word_1_320' title='bbox 1651 2229 1713 2273; x_wconf 65' lang='grc' dir='ltr'><strong>1ῖο</strong></span> <span class='ocrx_word' id='word_1_321' title='bbox 1735 2230 1879 2283; x_wconf 84' lang='grc'>(90000);</span> 
     </span>
    </p>
   </div>
   <div class='ocr_carea' id='block_1_8' title="bbox 157 2293 1794 2406">
    <p class='ocr_par' dir='ltr' id='par_1_10' title="bbox 157 2293 1794 2406">
     <span class='ocr_line' id='line_1_34' title="bbox 157 2293 1794 2352; baseline 0.001 -17"><span class='ocrx_word' id='word_1_322' title='bbox 157 2294 339 2347; x_wconf 84' lang='lat' dir='ltr'><strong>accipere</strong></span> <span class='ocrx_word' id='word_1_323' title='bbox 369 2293 487 2334; x_wconf 87' lang='lat' dir='ltr'><strong>debet</strong></span> <span class='ocrx_word' id='word_1_324' title='bbox 520 2293 591 2336; x_wconf 87' lang='grc' dir='ltr'><strong>ΗΞ</strong></span> <span class='ocrx_word' id='word_1_325' title='bbox 611 2295 665 2337; x_wconf 67' lang='lat' dir='ltr'><strong>ff&lt;</strong></span> <span class='ocrx_word' id='word_1_326' title='bbox 685 2294 813 2347; x_wconf 86' lang='lat'>(9000);</span> <span class='ocrx_word' id='word_1_327' title='bbox 843 2295 938 2334; x_wconf 89' lang='lat' dir='ltr'><strong>item</strong></span> <span class='ocrx_word' id='word_1_328' title='bbox 969 2296 1070 2348; x_wconf 80' lang='lat' dir='ltr'><strong>prof.</strong></span> <span class='ocrx_word' id='word_1_329' title='bbox 1102 2301 1161 2336; x_wconf 85' lang='lat' dir='ltr'><strong>est</strong></span> <span class='ocrx_word' id='word_1_330' title='bbox 1185 2295 1298 2335; x_wconf 86' lang='lat' dir='ltr'><strong>fund.</strong></span> <span class='ocrx_word' id='word_1_331' title='bbox 1322 2295 1572 2336; x_wconf 87' lang='lat' dir='ltr'><strong>Valerianum</strong></span> <span class='ocrx_word' id='word_1_332' title='bbox 1597 2308 1648 2347; x_wconf 73' lang='lat' dir='ltr'><strong>(ot</strong></span> <span class='ocrx_word' id='word_1_333' title='bbox 1671 2307 1794 2352; x_wconf 74' lang='lat' dir='ltr'><strong>alios).</strong></span> 
     </span>
     <span class='ocr_line' id='line_1_35' title="bbox 509 2360 1528 2406; baseline 0.001 -12"><span class='ocrx_word' id='word_1_334' title='bbox 509 2361 735 2404; x_wconf 84' lang='lat' dir='ltr'><strong>(Sequuntur</strong></span> <span class='ocrx_word' id='word_1_335' title='bbox 759 2362 958 2405; x_wconf 76' lang='lat' dir='ltr'><strong>complures</strong></span> <span class='ocrx_word' id='word_1_336' title='bbox 981 2362 1077 2395; x_wconf 87' lang='lat' dir='ltr'><strong>aliae</strong></span> <span class='ocrx_word' id='word_1_337' title='bbox 1099 2362 1234 2395; x_wconf 75' lang='lat' dir='ltr'><strong>similes</strong></span> <span class='ocrx_word' id='word_1_338' title='bbox 1257 2360 1528 2406; x_wconf 73' lang='lat' dir='ltr'><strong>professiones).</strong></span> 
     </span>
    </p>
   </div>
   <div class='ocr_carea' id='block_1_9' title="bbox 156 1745 296 1753">
    <p class='ocr_par' dir='ltr' id='par_1_11' title="bbox 156 1745 296 1753">
     <span class='ocr_line' id='line_1_36' title="bbox 156 1745 296 1753; baseline 0 0"><span class='ocrx_word' id='word_1_339' title='bbox 156 1745 296 1753; x_wconf 95' lang='lat' dir='ltr'><strong> </strong></span> 
     </span>
    </p>
   </div>
   <div class='ocr_carea' id='block_1_10' title="bbox 157 2428 1884 3206">
    <p class='ocr_par' dir='ltr' id='par_1_12' title="bbox 157 2428 1884 3154">
     <span class='ocr_line' id='line_1_37' title="bbox 273 2428 1880 2473; baseline 0.002 -13"><span class='ocrx_word' id='word_1_340' title='bbox 273 2428 390 2471; x_wconf 84' lang='lat' dir='ltr'><strong>Prope</strong></span> <span class='ocrx_word' id='word_1_341' title='bbox 413 2428 610 2463; x_wconf 85' lang='lat' dir='ltr'><strong>Macinesso</strong></span> <span class='ocrx_word' id='word_1_342' title='bbox 643 2432 730 2472; x_wconf 86' lang='lat' dir='ltr'><strong>agri</strong></span> <span class='ocrx_word' id='word_1_343' title='bbox 753 2430 955 2462; x_wconf 72' lang='lat' dir='ltr'><strong>Parmensis</strong></span> <span class='ocrx_word' id='word_1_344' title='bbox 983 2441 1057 2472; x_wconf 88' lang='lat' dir='ltr'><strong>rep.</strong></span> <span class='ocrx_word' id='word_1_345' title='bbox 1083 2440 1118 2464; x_wconf 89' lang='lat' dir='ltr'><strong>a.</strong></span> <span class='ocrx_word' id='word_1_346' title='bbox 1141 2429 1248 2471; x_wconf 76' lang='lat'><strong>1747,</strong></span> <span class='ocrx_word' id='word_1_347' title='bbox 1280 2431 1344 2462; x_wconf 86' lang='lat' dir='ltr'><strong>ubi</strong></span> <span class='ocrx_word' id='word_1_348' title='bbox 1364 2430 1490 2473; x_wconf 89' lang='lat' dir='ltr'><strong>paullo</strong></span> <span class='ocrx_word' id='word_1_349' title='bbox 1515 2433 1599 2473; x_wconf 83' lang='lat' dir='ltr'><strong>post</strong></span> <span class='ocrx_word' id='word_1_350' title='bbox 1623 2429 1880 2471; x_wconf 75' lang='lat' dir='ltr'><strong>effossionibus</strong></span> 
     </span>
     <span class='ocr_line' id='line_1_38' title="bbox 157 2485 1884 2530; baseline 0.003 -13"><span class='ocrx_word' id='word_1_351' title='bbox 157 2486 336 2530; x_wconf 63' lang='lat' dir='ltr'><strong>factitatis</strong></span> <span class='ocrx_word' id='word_1_352' title='bbox 368 2487 541 2528; x_wconf 82' lang='lat' dir='ltr'><strong>apparuit</strong></span> <span class='ocrx_word' id='word_1_353' title='bbox 569 2485 684 2526; x_wconf 77' lang='lat' dir='ltr'><strong>fuisse</strong></span> <span class='ocrx_word' id='word_1_354' title='bbox 715 2487 890 2527; x_wconf 62' lang='lat' dir='ltr'><strong>Veledam,</strong></span> <span class='ocrx_word' id='word_1_355' title='bbox 919 2496 1051 2529; x_wconf 86' lang='lat' dir='ltr'><strong>magna</strong></span> <span class='ocrx_word' id='word_1_356' title='bbox 1077 2486 1199 2520; x_wconf 84' lang='lat' dir='ltr'><strong>tabula</strong></span> <span class='ocrx_word' id='word_1_357' title='bbox 1232 2488 1384 2528; x_wconf 79' lang='lat' dir='ltr'><strong>ahenea,</strong></span> <span class='ocrx_word' id='word_1_358' title='bbox 1415 2488 1488 2519; x_wconf 91' lang='lat' dir='ltr'><strong>iam</strong></span> <span class='ocrx_word' id='word_1_359' title='bbox 1513 2488 1665 2520; x_wconf 86' lang='lat' dir='ltr'><strong>Parmae</strong></span> <span class='ocrx_word' id='word_1_360' title='bbox 1698 2487 1766 2528; x_wconf 87' lang='lat' dir='ltr'><strong>(XI</strong></span> <span class='ocrx_word' id='word_1_361' title='bbox 1785 2488 1884 2523; x_wconf 76' lang='lat'><strong><em>1147</em></strong></span> 
     </span>
     <span class='ocr_line' id='line_1_39' title="bbox 159 2541 1879 2586; baseline 0.002 -10"><span class='ocrx_word' id='word_1_362' title='bbox 159 2542 316 2576; x_wconf 84' lang='lat' dir='ltr'><strong>contulit</strong></span> <span class='ocrx_word' id='word_1_363' title='bbox 339 2542 554 2586; x_wconf 87' lang='lat' dir='ltr'><strong>Bormann).</strong></span> <span class='ocrx_word' id='word_1_364' title='bbox 576 2561 623 2567; x_wconf 93' lang='lat'><strong>—</strong></span> <span class='ocrx_word' id='word_1_365' title='bbox 650 2544 681 2586; x_wconf 91' lang='lat'><strong>1)</strong></span> <span class='ocrx_word' id='word_1_366' title='bbox 708 2541 761 2582; x_wconf 80' lang='lat' dir='ltr'><strong>cr.</strong></span> <span class='ocrx_word' id='word_1_367' title='bbox 785 2553 897 2585; x_wconf 84' lang='lat' dir='ltr'><strong>supra</strong></span> <span class='ocrx_word' id='word_1_368' title='bbox 921 2541 966 2576; x_wconf 89' lang='lat' dir='ltr'><strong>N.</strong></span> <span class='ocrx_word' id='word_1_369' title='bbox 982 2544 1079 2576; x_wconf 79' lang='grc'>6509.</span> <span class='ocrx_word' id='word_1_370' title='bbox 1103 2562 1148 2568; x_wconf 89' lang='grc'><strong>-</strong></span> <span class='ocrx_word' id='word_1_371' title='bbox 1172 2545 1192 2577; x_wconf 87' lang='lat'><strong>2</strong></span> <span class='ocrx_word' id='word_1_372' title='bbox 1196 2550 1208 2586; x_wconf 69' lang='lat' dir='ltr'>j</span> <span class='ocrx_word' id='word_1_373' title='bbox 1231 2543 1365 2576; x_wconf 85' lang='lat' dir='ltr'><strong>Dacici</strong></span> <span class='ocrx_word' id='word_1_374' title='bbox 1387 2553 1583 2586; x_wconf 80' lang='lat' dir='ltr'><strong>cognomen</strong></span> <span class='ocrx_word' id='word_1_375' title='bbox 1608 2544 1763 2577; x_wconf 78' lang='lat' dir='ltr'><strong>ostendit</strong></span> <span class='ocrx_word' id='word_1_376' title='bbox 1786 2546 1879 2579; x_wconf 79' lang='lat' dir='ltr'><strong>hanc</strong></span> 
     </span>
     <span class='ocr_line' id='line_1_40' title="bbox 159 2599 1879 2645; baseline 0.002 -13"><span class='ocrx_word' id='word_1_377' title='bbox 159 2599 416 2642; x_wconf 72' lang='lat' dir='ltr'><strong>obligationem</strong></span> <span class='ocrx_word' id='word_1_378' title='bbox 443 2599 638 2633; x_wconf 86' lang='lat' dir='ltr'><strong>Veleiatem</strong></span> <span class='ocrx_word' id='word_1_379' title='bbox 670 2610 744 2632; x_wconf 89' lang='lat' dir='ltr'><strong>esse</strong></span> <span class='ocrx_word' id='word_1_380' title='bbox 769 2599 897 2643; x_wconf 86' lang='lat' dir='ltr'><strong>paullo</strong></span> <span class='ocrx_word' id='word_1_381' title='bbox 921 2601 1166 2642; x_wconf 78' lang='lat' dir='ltr'><strong>recentiorem,</strong></span> <span class='ocrx_word' id='word_1_382' title='bbox 1197 2610 1305 2643; x_wconf 85' lang='lat' dir='ltr'><strong>quam</strong></span> <span class='ocrx_word' id='word_1_383' title='bbox 1327 2599 1501 2642; x_wconf 84' lang='lat' dir='ltr'><strong>Ligurem</strong></span> <span class='ocrx_word' id='word_1_384' title='bbox 1524 2600 1744 2634; x_wconf 86' lang='lat' dir='ltr'><strong>Baebianam</strong></span> <span class='ocrx_word' id='word_1_385' title='bbox 1766 2612 1879 2645; x_wconf 85' lang='lat' dir='ltr'><strong>supra</strong></span> 
     </span>
     <span class='ocr_line' id='line_1_41' title="bbox 158 2654 1879 2700; baseline 0.001 -10"><span class='ocrx_word' id='word_1_386' title='bbox 158 2654 205 2690; x_wconf 86' lang='lat' dir='ltr'><strong>N.</strong></span> <span class='ocrx_word' id='word_1_387' title='bbox 220 2657 329 2700; x_wconf 78' lang='lat'><strong>6509,·</strong></span> <span class='ocrx_word' id='word_1_388' title='bbox 363 2657 449 2689; x_wconf 81' lang='lat' dir='ltr'><strong>ilem</strong></span> <span class='ocrx_word' id='word_1_389' title='bbox 473 2655 573 2698; x_wconf 82' lang='lat' dir='ltr'><strong>apud</strong></span> <span class='ocrx_word' id='word_1_390' title='bbox 594 2657 690 2698; x_wconf 87' lang='lat' dir='ltr'><strong>ipsos</strong></span> <span class='ocrx_word' id='word_1_391' title='bbox 715 2655 891 2689; x_wconf 81' lang='lat' dir='ltr'><strong>Veleiates</strong></span> <span class='ocrx_word' id='word_1_392' title='bbox 919 2658 1116 2699; x_wconf 79' lang='lat' dir='ltr'><strong>praecessit</strong></span> <span class='ocrx_word' id='word_1_393' title='bbox 1138 2656 1311 2699; x_wconf 81' lang='lat' dir='ltr'><strong>obligatio</strong></span> <span class='ocrx_word' id='word_1_394' title='bbox 1345 2656 1420 2689; x_wconf 90' lang='lat' dir='ltr'><strong>alia</strong></span> <span class='ocrx_word' id='word_1_395' title='bbox 1444 2658 1484 2689; x_wconf 87' lang='lat' dir='ltr'><strong>in</strong></span> <span class='ocrx_word' id='word_1_396' title='bbox 1506 2656 1579 2697; x_wconf 79' lang='lat' dir='ltr'><strong>fine</strong></span> <span class='ocrx_word' id='word_1_397' title='bbox 1603 2658 1710 2691; x_wconf 71' lang='lat' dir='ltr'><strong>liuius</strong></span> <span class='ocrx_word' id='word_1_398' title='bbox 1734 2658 1879 2691; x_wconf 80' lang='lat' dir='ltr'><strong>tabulae</strong></span> 
     </span>
     <span class='ocr_line' id='line_1_42' title="bbox 160 2711 1879 2758; baseline 0.002 -12"><span class='ocrx_word' id='word_1_399' title='bbox 160 2715 331 2746; x_wconf 82' lang='lat' dir='ltr'><strong>enarrata</strong></span> <span class='ocrx_word' id='word_1_400' title='bbox 356 2711 423 2754; x_wconf 75' lang='lat' dir='ltr'><strong>(cf.</strong></span> <span class='ocrx_word' id='word_1_401' title='bbox 448 2715 521 2747; x_wconf 85' lang='lat' dir='ltr'><strong>not.</strong></span> <span class='ocrx_word' id='word_1_402' title='bbox 538 2711 612 2756; x_wconf 76' lang='lat'><strong>24).</strong></span> <span class='ocrx_word' id='word_1_403' title='bbox 629 2730 675 2737; x_wconf 93' lang='lat'>—</span> <span class='ocrx_word' id='word_1_404' title='bbox 699 2713 733 2754; x_wconf 84' lang='lat'><strong>3)</strong></span> <span class='ocrx_word' id='word_1_405' title='bbox 757 2711 929 2747; x_wconf 85' lang='lat' dir='ltr'><strong>Numero.</strong></span> <span class='ocrx_word' id='word_1_406' title='bbox 944 2731 988 2736; x_wconf 94' lang='lat'><strong>—</strong></span> <span class='ocrx_word' id='word_1_407' title='bbox 1013 2714 1047 2755; x_wconf 91' lang='lat'><strong>4)</strong></span> <span class='ocrx_word' id='word_1_408' title='bbox 1072 2712 1218 2746; x_wconf 79' lang='lat' dir='ltr'><strong>Scilicet</strong></span> <span class='ocrx_word' id='word_1_409' title='bbox 1241 2716 1454 2748; x_wconf 84' lang='lat' dir='ltr'><strong>menstruos.</strong></span> <span class='ocrx_word' id='word_1_410' title='bbox 1495 2713 1539 2746; x_wconf 86' lang='lat' dir='ltr'><strong>In</strong></span> <span class='ocrx_word' id='word_1_411' title='bbox 1563 2713 1734 2756; x_wconf 76' lang='lat' dir='ltr'><strong>legitimis</strong></span> <span class='ocrx_word' id='word_1_412' title='bbox 1754 2717 1879 2758; x_wconf 88' lang='lat' dir='ltr'><strong>pueris</strong></span> 
     </span>
     <span class='ocr_line' id='line_1_43' title="bbox 157 2769 1879 2814; baseline 0.001 -11"><span class='ocrx_word' id='word_1_413' title='bbox 157 2770 358 2814; x_wconf 75' lang='lat' dir='ltr'><strong>puellisque</strong></span> <span class='ocrx_word' id='word_1_414' title='bbox 380 2773 579 2812; x_wconf 82' lang='lat' dir='ltr'><strong>menstrua,</strong></span> <span class='ocrx_word' id='word_1_415' title='bbox 602 2771 641 2802; x_wconf 87' lang='lat' dir='ltr'><strong>in</strong></span> <span class='ocrx_word' id='word_1_416' title='bbox 664 2771 801 2812; x_wconf 82' lang='lat' dir='ltr'><strong>spuriis</strong></span> <span class='ocrx_word' id='word_1_417' title='bbox 825 2780 948 2803; x_wconf 88' lang='lat' dir='ltr'><strong>annua</strong></span> <span class='ocrx_word' id='word_1_418' title='bbox 972 2769 1143 2802; x_wconf 83' lang='lat' dir='ltr'><strong>alimenta</strong></span> <span class='ocrx_word' id='word_1_419' title='bbox 1167 2773 1374 2813; x_wconf 82' lang='lat' dir='ltr'><strong>computata</strong></span> <span class='ocrx_word' id='word_1_420' title='bbox 1396 2772 1494 2803; x_wconf 83' lang='lat' dir='ltr'><strong>sunt.</strong></span> <span class='ocrx_word' id='word_1_421' title='bbox 1509 2788 1555 2794; x_wconf 97' lang='lat'><strong>—</strong></span> <span class='ocrx_word' id='word_1_422' title='bbox 1580 2771 1614 2812; x_wconf 87' lang='lat'><strong>5)</strong></span> <span class='ocrx_word' id='word_1_423' title='bbox 1639 2769 1879 2805; x_wconf 88' lang='lat' dir='ltr'><strong>Nummos.—</strong></span> 
     </span>
     <span class='ocr_line' id='line_1_44' title="bbox 160 2826 1880 2870; baseline 0 -9"><span class='ocrx_word' id='word_1_424' title='bbox 160 2827 195 2869; x_wconf 81' lang='lat'><strong>6)</strong></span> <span class='ocrx_word' id='word_1_425' title='bbox 213 2826 337 2861; x_wconf 75' lang='lat' dir='ltr'><strong>Fiunt.</strong></span> <span class='ocrx_word' id='word_1_426' title='bbox 352 2845 399 2852; x_wconf 94' lang='lat'>—</span> <span class='ocrx_word' id='word_1_427' title='bbox 422 2830 455 2870; x_wconf 86' lang='lat'><strong>7)</strong></span> <span class='ocrx_word' id='word_1_428' title='bbox 471 2826 631 2861; x_wconf 86' lang='lat' dir='ltr'><strong>Nummi.</strong></span> <span class='ocrx_word' id='word_1_429' title='bbox 647 2845 693 2851; x_wconf 89' lang='lat'>—</span> <span class='ocrx_word' id='word_1_430' title='bbox 710 2827 745 2869; x_wconf 88' lang='grc'><strong>8)</strong></span> <span class='ocrx_word' id='word_1_431' title='bbox 766 2827 976 2869; x_wconf 77' lang='lat' dir='ltr'><strong>Plerumque</strong></span> <span class='ocrx_word' id='word_1_432' title='bbox 991 2836 1187 2869; x_wconf 84' lang='lat' dir='ltr'><strong>puerorum</strong></span> <span class='ocrx_word' id='word_1_433' title='bbox 1204 2837 1375 2859; x_wconf 85' lang='lat' dir='ltr'><strong>numerus</strong></span> <span class='ocrx_word' id='word_1_434' title='bbox 1391 2829 1450 2859; x_wconf 85' lang='lat' dir='ltr'><strong>cui</strong></span> <span class='ocrx_word' id='word_1_435' title='bbox 1466 2826 1636 2860; x_wconf 86' lang='lat' dir='ltr'><strong>alimenta</strong></span> <span class='ocrx_word' id='word_1_436' title='bbox 1653 2827 1880 2861; x_wconf 87' lang='lat' dir='ltr'><strong>destinaban-</strong></span> 
     </span>
     <span class='ocr_line' id='line_1_45' title="bbox 161 2881 1878 2927; baseline 0.001 -11"><span class='ocrx_word' id='word_1_437' title='bbox 161 2885 223 2916; x_wconf 88' lang='lat' dir='ltr'><strong>tur</strong></span> <span class='ocrx_word' id='word_1_438' title='bbox 238 2886 357 2917; x_wconf 83' lang='lat' dir='ltr'><strong>maior</strong></span> <span class='ocrx_word' id='word_1_439' title='bbox 374 2887 463 2923; x_wconf 84' lang='lat' dir='ltr'><strong>erat,</strong></span> <span class='ocrx_word' id='word_1_440' title='bbox 481 2894 589 2927; x_wconf 84' lang='lat' dir='ltr'><strong>quam</strong></span> <span class='ocrx_word' id='word_1_441' title='bbox 604 2883 819 2926; x_wconf 82' lang='lat' dir='ltr'><strong>puellarum.</strong></span> <span class='ocrx_word' id='word_1_442' title='bbox 853 2881 907 2923; x_wconf 74' lang='lat' dir='ltr'><strong>Cf.</strong></span> <span class='ocrx_word' id='word_1_443' title='bbox 925 2881 1026 2922; x_wconf 79' lang='lat' dir='ltr'><strong>infra</strong></span> <span class='ocrx_word' id='word_1_444' title='bbox 1043 2881 1088 2915; x_wconf 91' lang='lat' dir='ltr'><strong>N.</strong></span> <span class='ocrx_word' id='word_1_445' title='bbox 1102 2883 1198 2916; x_wconf 74' lang='lat'><strong>6818.</strong></span> <span class='ocrx_word' id='word_1_446' title='bbox 1212 2901 1258 2906; x_wconf 92' lang='lat'>—</span> <span class='ocrx_word' id='word_1_447' title='bbox 1280 2884 1315 2925; x_wconf 80' lang='lat'><strong>9)</strong></span> <span class='ocrx_word' id='word_1_448' title='bbox 1333 2882 1517 2925; x_wconf 80' lang='lat' dir='ltr'><strong>Singulae.</strong></span> <span class='ocrx_word' id='word_1_449' title='bbox 1529 2901 1575 2907; x_wconf 93' lang='lat'>—</span> <span class='ocrx_word' id='word_1_450' title='bbox 1602 2885 1657 2926; x_wconf 90' lang='grc'><strong>10)</strong></span> <span class='ocrx_word' id='word_1_451' title='bbox 1678 2884 1721 2920; x_wconf 81' lang='lat' dir='ltr'><strong>Ue</strong></span> <span class='ocrx_word' id='word_1_452' title='bbox 1738 2886 1806 2926; x_wconf 81' lang='lat' dir='ltr'><strong>hic,</strong></span> <span class='ocrx_word' id='word_1_453' title='bbox 1824 2887 1878 2918; x_wconf 88' lang='lat' dir='ltr'><strong>ita</strong></span> 
     </span>
     <span class='ocr_line' id='line_1_46' title="bbox 161 2938 1879 2985; baseline 0.002 -13"><span class='ocrx_word' id='word_1_454' title='bbox 161 2941 270 2973; x_wconf 83' lang='lat' dir='ltr'><strong>etiam</strong></span> <span class='ocrx_word' id='word_1_455' title='bbox 293 2940 383 2974; x_wconf 86' lang='lat' dir='ltr'><strong>alibi</strong></span> <span class='ocrx_word' id='word_1_456' title='bbox 405 2940 536 2985; x_wconf 85' lang='lat' dir='ltr'><strong>puellis</strong></span> <span class='ocrx_word' id='word_1_457' title='bbox 559 2941 729 2973; x_wconf 88' lang='lat' dir='ltr'><strong>alimenta</strong></span> <span class='ocrx_word' id='word_1_458' title='bbox 752 2940 926 2982; x_wconf 86' lang='lat' dir='ltr'><strong>parciora</strong></span> <span class='ocrx_word' id='word_1_459' title='bbox 948 2940 1214 2981; x_wconf 83' lang='lat' dir='ltr'><strong>praebebantur</strong></span> <span class='ocrx_word' id='word_1_460' title='bbox 1237 2950 1346 2983; x_wconf 81' lang='lat' dir='ltr'><strong>quam</strong></span> <span class='ocrx_word' id='word_1_461' title='bbox 1365 2941 1501 2982; x_wconf 81' lang='lat' dir='ltr'><strong>pueris.</strong></span> <span class='ocrx_word' id='word_1_462' title='bbox 1541 2938 1595 2979; x_wconf 71' lang='lat' dir='ltr'><strong>Cf.</strong></span> <span class='ocrx_word' id='word_1_463' title='bbox 1611 2939 1717 2980; x_wconf 74' lang='lat' dir='ltr'><strong>infra</strong></span> <span class='ocrx_word' id='word_1_464' title='bbox 1733 2940 1780 2976; x_wconf 90' lang='grc' dir='ltr'><strong>Ν.</strong></span> <span class='ocrx_word' id='word_1_465' title='bbox 1791 2941 1879 2975; x_wconf 74' lang='lat'><strong><em>6818</em></strong></span> 
     </span>
     <span class='ocr_line' id='line_1_47' title="bbox 161 2995 1880 3041; baseline 0.002 -12"><span class='ocrx_word' id='word_1_466' title='bbox 161 2997 253 3037; x_wconf 84' lang='lat' dir='ltr'><strong>(not.</strong></span> <span class='ocrx_word' id='word_1_467' title='bbox 264 2997 295 3031; x_wconf 87' lang='grc'><strong>6.</strong></span> <span class='ocrx_word' id='word_1_468' title='bbox 307 2995 357 3041; x_wconf 91' lang='grc'><strong>7).</strong></span> <span class='ocrx_word' id='word_1_469' title='bbox 369 3016 416 3022; x_wconf 95' lang='grc'>-</span> <span class='ocrx_word' id='word_1_470' title='bbox 440 2998 496 3039; x_wconf 91' lang='grc'><strong>11)</strong></span> <span class='ocrx_word' id='word_1_471' title='bbox 515 2997 600 3031; x_wconf 87' lang='lat' dir='ltr'><strong>Cum</strong></span> <span class='ocrx_word' id='word_1_472' title='bbox 618 2998 786 3040; x_wconf 82' lang='lat' dir='ltr'><strong>ingenuis</strong></span> <span class='ocrx_word' id='word_1_473' title='bbox 803 2997 973 3040; x_wconf 86' lang='lat' dir='ltr'><strong>legitimis</strong></span> <span class='ocrx_word' id='word_1_474' title='bbox 989 2998 1095 3029; x_wconf 84' lang='lat' dir='ltr'><strong>etiam</strong></span> <span class='ocrx_word' id='word_1_475' title='bbox 1111 2998 1318 3039; x_wconf 86' lang='lat' dir='ltr'><strong>spuriorum</strong></span> <span class='ocrx_word' id='word_1_476' title='bbox 1336 2996 1459 3039; x_wconf 87' lang='lat' dir='ltr'><strong>aliqua</strong></span> <span class='ocrx_word' id='word_1_477' title='bbox 1477 3006 1566 3030; x_wconf 82' lang='lat' dir='ltr'><strong>cura</strong></span> <span class='ocrx_word' id='word_1_478' title='bbox 1584 2997 1792 3039; x_wconf 76' lang='lat' dir='ltr'><strong>habebatur,</strong></span> <span class='ocrx_word' id='word_1_479' title='bbox 1817 2998 1880 3032; x_wconf 82' lang='lat' dir='ltr'><strong>sed</strong></span> 
     </span>
     <span class='ocr_line' id='line_1_48' title="bbox 160 3052 1878 3096; baseline 0.003 -11"><span class='ocrx_word' id='word_1_480' title='bbox 160 3054 308 3095; x_wconf 72' lang='lat' dir='ltr'><strong>eoeigua.</strong></span> <span class='ocrx_word' id='word_1_481' title='bbox 322 3072 364 3078; x_wconf 90' lang='lat'><strong>-—</strong></span> <span class='ocrx_word' id='word_1_482' title='bbox 384 3055 439 3096; x_wconf 89' lang='lat'><strong>12)</strong></span> <span class='ocrx_word' id='word_1_483' title='bbox 458 3054 663 3096; x_wconf 75' lang='lat' dir='ltr'><strong>Quincunoe.</strong></span> <span class='ocrx_word' id='word_1_484' title='bbox 697 3053 750 3094; x_wconf 60' lang='lat' dir='ltr'><strong>Cf:</strong></span> <span class='ocrx_word' id='word_1_485' title='bbox 766 3052 812 3087; x_wconf 89' lang='lat' dir='ltr'><strong>N.</strong></span> <span class='ocrx_word' id='word_1_486' title='bbox 824 3054 911 3087; x_wconf 75' lang='lat'><strong><em>6509</em></strong></span> <span class='ocrx_word' id='word_1_487' title='bbox 923 3055 996 3087; x_wconf 86' lang='lat' dir='ltr'><strong>not.</strong></span> <span class='ocrx_word' id='word_1_488' title='bbox 1010 3052 1053 3087; x_wconf 74' lang='lat'><strong>45</strong></span> <span class='ocrx_word' id='word_1_489' title='bbox 1065 3052 1129 3093; x_wconf 77' lang='lat' dir='ltr'><strong>fin.</strong></span> <span class='ocrx_word' id='word_1_490' title='bbox 1142 3071 1187 3077; x_wconf 92' lang='lat'><strong>—-</strong></span> <span class='ocrx_word' id='word_1_491' title='bbox 1206 3054 1261 3095; x_wconf 87' lang='grc'><strong>13)</strong></span> <span class='ocrx_word' id='word_1_492' title='bbox 1280 3052 1424 3087; x_wconf 83' lang='lat' dir='ltr'><strong>Scilicet</strong></span> <span class='ocrx_word' id='word_1_493' title='bbox 1438 3056 1639 3087; x_wconf 80' lang='lat' dir='ltr'><strong>sestertium</strong></span> <span class='ocrx_word' id='word_1_494' title='bbox 1649 3054 1820 3089; x_wconf 68' lang='grc'>1044000.</span> <span class='ocrx_word' id='word_1_495' title='bbox 1833 3074 1878 3081; x_wconf 95' lang='grc'>-</span> 
     </span>
     <span class='ocr_line' id='line_1_49' title="bbox 163 3108 1878 3154; baseline 0.002 -12"><span class='ocrx_word' id='word_1_496' title='bbox 163 3109 220 3151; x_wconf 82' lang='grc'>14)</span> <span class='ocrx_word' id='word_1_497' title='bbox 245 3109 393 3152; x_wconf 81' lang='lat' dir='ltr'><strong>Populo.</strong></span> <span class='ocrx_word' id='word_1_498' title='bbox 417 3129 462 3135; x_wconf 92' lang='lat'>—</span> <span class='ocrx_word' id='word_1_499' title='bbox 488 3112 543 3153; x_wconf 84' lang='lat'><strong>15)</strong></span> <span class='ocrx_word' id='word_1_500' title='bbox 569 3110 646 3145; x_wconf 91' lang='lat' dir='ltr'><strong>Scr.</strong></span> <span class='ocrx_word' id='word_1_501' title='bbox 660 3110 797 3144; x_wconf 84' lang='lat' dir='ltr'><strong>debent.</strong></span> <span class='ocrx_word' id='word_1_502' title='bbox 814 3128 860 3134; x_wconf 92' lang='lat'><strong>—</strong></span> <span class='ocrx_word' id='word_1_503' title='bbox 886 3111 941 3152; x_wconf 88' lang='grc'><strong>16)</strong></span> <span class='ocrx_word' id='word_1_504' title='bbox 966 3108 1011 3145; x_wconf 87' lang='lat' dir='ltr'><strong>Ut</strong></span> <span class='ocrx_word' id='word_1_505' title='bbox 1026 3109 1125 3152; x_wconf 83' lang='lat' dir='ltr'><strong>apud</strong></span> <span class='ocrx_word' id='word_1_506' title='bbox 1139 3109 1293 3152; x_wconf 84' lang='lat' dir='ltr'><strong>Ligures</strong></span> <span class='ocrx_word' id='word_1_507' title='bbox 1309 3110 1510 3144; x_wconf 82' lang='lat' dir='ltr'><strong>Baebianos</strong></span> <span class='ocrx_word' id='word_1_508' title='bbox 1529 3109 1592 3154; x_wconf 89' lang='lat' dir='ltr'><strong>(N.</strong></span> <span class='ocrx_word' id='word_1_509' title='bbox 1609 3113 1725 3154; x_wconf 74' lang='grc'>6509),</span> <span class='ocrx_word' id='word_1_510' title='bbox 1748 3114 1801 3145; x_wconf 82' lang='lat' dir='ltr'><strong>ita</strong></span> <span class='ocrx_word' id='word_1_511' title='bbox 1818 3113 1878 3145; x_wconf 70' lang='lat' dir='ltr'><strong>liic</strong></span> 
     </span>
    </p>

    <p class='ocr_par' dir='ltr' id='par_1_13' title="bbox 228 3169 1600 3206">
     <span class='ocr_line' id='line_1_50' title="bbox 228 3169 1600 3206; baseline 0.002 -7"><span class='ocrx_word' id='word_1_512' title='bbox 228 3169 376 3206; x_wconf 58' lang='lat' dir='ltr'><strong>Drauso,</strong></span> <span class='ocrx_word' id='word_1_513' title='bbox 401 3170 612 3206; x_wconf 73' lang='lat' dir='ltr'><strong>lusoripuones</strong></span> <span class='ocrx_word' id='word_1_514' title='bbox 632 3171 756 3200; x_wconf 60' lang='lat' dir='ltr'><strong>[atinae</strong></span> <span class='ocrx_word' id='word_1_515' title='bbox 774 3171 814 3200; x_wconf 90' lang='lat'><strong>11.</strong></span> <span class='ocrx_word' id='word_1_516' title='bbox 1557 3169 1600 3202; x_wconf 88' lang='lat'><strong>41</strong></span> 
     </span>
    </p>
   </div>
  </div>
 </body>
</html>
