2092 3360
789 129 904 166 Tituli
926 128 1150 175 pertinentes
1174 129 1223 165 ad
1245 128 1364 165 ludos.
1854 129 1936 168 295

223 239 373 293 aedilis,
412 252 572 298 sumptu
603 258 676 286 suo
707 252 746 286 et
777 245 822 285 T.
854 244 938 285 Aeli
969 244 1075 285 Anni
1108 245 1230 285 Litori
1262 245 1462 298 quondam
1503 243 1509 299 Ι
1549 244 1724 298 collegae
1754 245 1838 294 sui,
1884 245 1935 285 ob

224 314 421 354 honorem
465 313 669 355 aedilitatis
711 312 716 367 Ι
755 313 796 353 in
835 313 1183 366 compensatione²
1225 313 1475 354 missiliorum
1513 311 1729 368 commulni
1767 313 1935 366 pecunia

225 382 418 430 fecerunt,
448 382 654 422 dedicante
695 381 700 435 Ι
734 381 862 423 Calvio
894 382 1040 422 Rufino
1071 382 1208 430 aedile,
1241 382 1291 422 ob
1322 382 1435 422 cuius
1463 377 1644 438 statu[ae]
1684 379 1689 436 Ι
1723 381 1937 422 dedicatio-

227 462 317 489 nem
347 450 451 491 idem
481 450 650 490 Rufinus
679 450 727 490 de
756 463 829 491 suo
856 448 861 504 Ι
895 447 1043 507 eti[o]m
1072 450 1341 504 spectaculum
1372 450 1551 540 pugilum
1582 456 1621 490 et
1650 450 1899 503 gymnasium
1927 447 1934 506 Ι

225 517 416 558 exhibuit.
476 518 520 558 L.
542 520 580 558 d.
602 518 638 560 d.
658 518 695 559 d.

339 584 537 628 Zaglman,
569 596 642 619 non
665 585 771 628 longe
794 597 817 619 a
846 585 989 629 Tunete,
1020 587 1095 619 iam
1118 586 1262 628 Algerii
1292 584 1402 628 (VIII
1420 584 1627 619 895.V1!1
1647 584 1683 620 S.
1708 585 1821 620 42425
1845 585 1939 619 vidit

226 640 413 687 Schmidt).
445 661 491 667 ——
522 644 553 685 1)
578 644 621 677 A.
636 643 719 677 239.
750 662 796 668 -—
826 644 861 686 2)
887 642 1226 686 Compensationem.
1276 641 1429 675 Videtur
1451 652 1528 675 mos
1558 643 1609 674 ibi
1632 639 1746 681 fuisse
1768 643 1825 676 vel
1847 642 1936 676 adeo

224 698 302 738 lex,
332 702 374 731 ut
403 699 536 732 aediles
564 699 714 733 missilia
746 700 890 733 ederent
913 698 976 740 (cll
1001 698 1047 734 N.
1061 699 1150 733 5073
1162 698 1250 743 seq.)
1259 711 1273 740 ;
1304 709 1457 742 quorum
1487 698 1564 732 loco
1598 698 1731 731 aediles
1763 699 1821 731 illi
1844 709 1938 732 com-

223 756 326 788 muni
346 758 500 797 pecnnia
524 758 670 798 signum
696 756 825 789 Martis
848 756 1114 790 dedicaverunt.

338 846 451 893 5075
511 848 553 889 C.
583 845 786 905 Egna[ti]o
816 848 859 889 C.
891 848 944 888 fil.
971 848 978 901 Ι
1005 848 1159 900 Papiria
1190 845 1360 905 [Fe]lici,
1405 847 1530 902 aedilli
1561 847 1904 898 innocentissimo,
1928 845 1934 903 Ι

223 916 339 956 amici
385 916 435 956 ob
477 913 705 974 m[cr]itum.
766 917 828 957 Ob
866 914 993 972 culius
1030 916 1318 957 dedicationem
1359 916 1461 956 idem
1501 914 1507 971 Ι
1549 916 1740 968 Egnatius
1779 924 1938 969 praeter

223 982 483 1038 gymnalsium
514 991 551 1026 et
582 985 744 1026 missilia
782 996 883 1038 quae
914 984 1072 1032 aedilles
1101 985 1218 1025 edere
1257 984 1386 1025 solent
1415 985 1517 1025 diem
1558 984 1660 1025 sacri
1687 981 1693 1038 Ι
1722 984 1936 1025 Liberalio-

224 1064 314 1092 rum
343 1052 451 1093 auxit
488 1060 528 1094 et
557 1053 667 1093 omni
704 1050 884 1108 inlpensa
918 1065 988 1093 sua
1029 1065 1120 1092 eum
1151 1052 1264 1093 civib.
1295 1053 1490 1093 universis
1523 1051 1529 1106 Ι
1570 1053 1730 1101 exibuit,
1768 1053 1937 1106 amplius

224 1122 341 1161 etiam
371 1121 486 1162 ludos
515 1118 710 1176 scenilcos
740 1121 861 1161 edidit
890 1128 929 1161 et
958 1117 1155 1177 ep[u]lum
1185 1121 1333 1174 populo
1362 1121 1482 1162 dedit.
1509 1120 1515 1176 Ι
1544 1122 1586 1161 L.
1608 1121 1645 1160 d.
1667 1121 1705 1163 d.
1726 1122 1764 1162 d.

338 1188 381 1222 In
403 1188 595 1222 ruderibus
619 1188 815 1222 Vallitam's
838 1190 877 1221 in
896 1190 1090 1231 provincia
1114 1187 1245 1228 Africa
1267 1188 1522 1232 procamiari
1545 1187 1655 1232 (VIII
1668 1188 1704 1222 S.
1721 1188 1830 1223 44783
1845 1188 1939 1222 vidit

224 1245 390 1289 Cognat).

337 1337 451 1383 5076
509 1339 569 1380 Ti.
590 1339 757 1391 Aprario
789 1338 909 1378 Felici
940 1338 987 1385 Q.
1019 1338 1072 1378 fil.
1100 1338 1106 1386 Ι
1133 1338 1286 1390 Papiria
1317 1338 1473 1387 Parato,
1503 1335 1708 1392 aedililcio,
1738 1338 1777 1377 fl.
1807 1350 1935 1391 perp„

221 1407 331 1448 bono
360 1407 458 1455 viro,
493 1404 673 1462 almatori
704 1413 743 1447 et
771 1407 932 1447 alumno
962 1406 1154 1459 municip.
1189 1407 1196 1460 Ι
1230 1407 1310 1456 sui,
1350 1406 1402 1446 ob
1431 1405 1785 1458 incomparabilem
1809 1404 1816 1460 Ι
1843 1406 1937 1446 mis-

221 1475 353 1516 silium
391 1476 431 1515 in
463 1475 659 1516 honorem
698 1475 905 1516 aedilitatis
944 1475 1159 1515 editionem
1198 1474 1434 1529 maglnamq.
1473 1474 1591 1514 etiam
1628 1474 1762 1527 operis
1801 1470 1937 1529 seplti-

222 1544 331 1584 zodi²
363 1544 493 1584 nudae
523 1543 791 1585 liberalitatis²
822 1541 827 1598 Ι
869 1544 1193 1593 exstructionem,
1231 1544 1405 1596 populus
1439 1542 1445 1597 Ι
1486 1555 1575 1583 aere
1605 1543 1763 1583 conlato
1794 1543 1937 1596 posuit.

337 1679 495 1713 Henclu’r
517 1679 619 1713 Bedd
640 1681 680 1712 in
702 1678 834 1719 Africa
869 1678 976 1723 (VIII
1001 1678 1038 1713 S.
1055 1679 1164 1713 44572
1188 1678 1283 1711 vidit
1307 1678 1476 1722 Cognat).
1506 1697 1550 1702 —
1585 1679 1618 1722 1)
1642 1678 1846 1722 Septizodia
1869 1679 1938 1719 (sic

222 1737 332 1769 etiam
360 1738 400 1768 in
430 1735 613 1769 codicibus
641 1737 820 1769 veteribus
852 1746 927 1769 non
957 1746 1044 1769 raro
1075 1735 1267 1780 scriptum)
1298 1737 1371 1768 sive
1401 1737 1601 1778 septizonia
1629 1738 1819 1779 praeterea
1849 1738 1936 1768 nota

222 1795 308 1825 sunt
322 1790 522 1825 Romanum
547 1791 628 1836 (vit.
647 1792 764 1827 sever.
780 1792 834 1835 49,
848 1794 883 1827 5.
906 1794 964 1834 24,
979 1794 1016 1834 5,
1034 1795 1118 1834 cet.‚·
1143 1791 1191 1832 cf.
1215 1791 1367 1824 Huelsen
1391 1792 1456 1825 das
1473 1791 1719 1835 Septizonium
1745 1791 1806 1824 des
1821 1790 1937 1833 Septi-

223 1850 318 1882 mius
341 1848 504 1890 Severus,
529 1849 647 1883 Berol.
662 1849 766 1893 4886)
795 1852 830 1881 et
852 1848 1168 1882 Lambaesitanum
1192 1847 1303 1892 (VIII
1321 1848 1432 1889 2657;
1466 1849 1546 1881 vide
1569 1847 1672 1888 infra
1695 1850 1790 1881 inter
1813 1848 1937 1881 titulos

224 1916 372 1949 operum
391 1905 650 1948 publicorum).
684 1923 729 1929 —
766 1907 799 1948 2)
829 1904 938 1939 Nuda
964 1904 1162 1938 liberalitas
1185 1904 1322 1937 dicitur
1351 1905 1401 1938 ad
1421 1915 1528 1948 quam
1549 1905 1805 1948 praestandam
1835 1904 1936 1937 nulla

222 1964 430 1995 necessitate
452 1963 630 2003 legitima,
663 1963 835 1995 nimirum
859 1963 994 1994 honore
1018 1963 1175 2003 accepto,
1205 1962 1399 1993 obstrictus
1420 1960 1510 2003 fuit.

338 2053 452 2100 5⁰77
512 2055 638 2095 Genio
670 2053 850 2095 coloniae
882 2052 887 2107 Ι
924 2053 1115 2093 Veneriae
1145 2053 1353 2093 Rusicadis
1384 2052 1390 2107 Ι
1424 2054 1524 2106 Aug.
1553 2066 1653 2094 sacr.
1681 2052 1686 2108 Ι
1721 2053 1773 2094 Μ.
1803 2053 1935 2094 Aemi-

224 2135 300 2175 lius
331 2134 501 2174 Ballator
532 2132 538 2187 Ι
573 2140 730 2187 praeter
755 2123 941 2181 ffiXB„
982 2146 1082 2185 quae
1111 2133 1151 2173 in
1180 2132 1186 2186 Ι
1221 2146 1321 2186 opus
1350 2133 1549 2174 cultumve
1584 2133 1726 2174 theatri
1754 2132 1760 2188 Ι
1795 2139 1935 2187 postu-

223 2203 330 2243 lante
360 2202 509 2255 populo
540 2198 672 2254 deldit,
710 2207 857 2242 statuas
887 2201 995 2251 duas,
1032 2200 1213 2255 Genilum
1243 2201 1394 2254 patriae
1425 2215 1465 2242 n.
1497 2209 1537 2242 et
1563 2202 1771 2256 Annolnae
1800 2214 1935 2243 sacrae

223 2271 347 2320 urbis,
382 2283 453 2312 sua
494 2269 499 2324 Ι
540 2269 711 2323 pecunia
739 2269 884 2322 posuit,
922 2269 970 2309 ad
1004 2266 1012 2324 Ι
1051 2282 1220 2322 quarum
1250 2267 1550 2325 dedicatiolnem
1580 2270 1683 2310 diem
1713 2271 1898 2311 ludorum
1925 2267 1932 2323 Ι

224 2352 316 2381 cum
345 2338 580 2380 missilibus¹
612 2337 743 2378 edidit.
770 2337 777 2391 Ι
803 2337 847 2377 L.
869 2337 907 2379 d.
929 2337 967 2378 d.
987 2337 1024 2378 d.

339 2406 516 2440 Rusicade
533 2404 824 2448 (ΡΙιίΙίρρθυίΙίε),
847 2414 945 2438 nunc
961 2405 1113 2438 Parisiis
1130 2405 1239 2449 (VIII
1249 2405 1334 2439 7960
1350 2405 1444 2439 vidit
1462 2405 1694 2448 Wilmanns).
1710 2423 1756 2428 —
1783 2406 1815 2447 1)
1838 2404 1936 2439 Ludi

223 2465 381 2496 scaenici
404 2473 484 2496 cum
507 2462 702 2495 missilibus
724 2463 971 2494 memorantur
994 2472 1104 2504 supra
1128 2460 1174 2495 N.
1189 2462 1285 2496 2955
1309 2465 1343 2495 et
1364 2463 1404 2494 in
1428 2461 1511 2494 aliis
1535 2461 1651 2495 titulis
1674 2460 1877 2500 Africanis.

339 2553 454 2600 5078
511 2554 693 2594 Aureliae
724 2551 844 2608 Laildi
874 2555 974 2605 Aug.
1004 2554 1181 2604 libertae,
1208 2553 1215 2607 Ι
1242 2554 1292 2594 Μ.
1322 2554 1505 2595 Aurelius
1534 2553 1585 2594 M.
1618 2554 1642 2593 f.
1670 2552 1676 2608 Ι
1704 2554 1783 2595 Pal.
1808 2555 1933 2594 Aure-

225 2624 352 2665 lianus
379 2623 384 2678 Ι
426 2623 541 2664 matri
570 2622 767 2676 piissimae
801 2620 806 2676 Ι
848 2622 936 2662 loco
966 2621 1014 2661 ab
1046 2622 1130 2662 ord.
1160 2634 1352 2663 concesso
1388 2619 1394 2677 Ι
1435 2622 1541 2662 dedit
1570 2621 1814 2674 dedicavitq.,
1842 2619 1848 2675 Ι
1882 2621 1933 2662 ob

226 2705 343 2745 quam
374 2692 500 2733 dedic.
522 2692 608 2732 dec.
635 2689 641 2745 Ι
669 2698 708 2731 et
728 2702 789 2742 eq.
813 2689 874 2730 Β)
905 2689 1093 2731 victoriat.
1113 2687 1263 2745 terlnos
1292 2690 1491 2742 sportulas
1520 2688 1732 2743 disltribuit
1761 2696 1800 2730 et
1820 2689 1934 2730 ludos

226 2760 440 2811 cirflcenses
469 2759 618 2813 populo
646 2756 651 2813 Ι
679 2757 867 2798 exhibuit.

344 2827 464 2862 Saldis
482 2825 654 2871 (Bongie)
679 2828 718 2859 in
736 2837 801 2859 ora
819 2824 1068 2858 Mauretaniae
1092 2824 1200 2864 (VIII
1212 2825 1303 2859 8958
1328 2824 1417 2857 vidit
1443 2823 1674 2868 Wilmanns).
1690 2843 1736 2849 —
1762 2825 1793 2866 1)
1819 2823 1934 2857 Decu-

226 2885 389 2917 riom'bus
412 2887 446 2916 et
469 2885 647 2927 equitibus
671 2882 851 2916 Romanis.

350 2963 463 3010 5⁰79
523 2964 686 3006 Colonia
730 2964 888 3004 Patrio)
931 2961 937 3016 Ι
978 2962 1020 3002 L.
1061 2961 1198 3002 lunius
1243 2961 1286 3001 P.
1325 2962 1351 3000 f.
1392 2961 1504 3014 Serg.
1544 2961 1735 3002 Paulinus
1778 2961 1932 3014 pontif„

228 3031 370 3073 flamen
400 3039 573 3086 perpet„
612 3032 707 3073 llvir
736 3045 771 3073 c.
802 3045 837 3074 c.
870 3030 979 3079 Pat.2‚
1020 3030 1122 3072 flam.
1154 3029 1332 3082 provinc.
1373 3027 1380 3083 Ι
1420 3029 1541 3077 Baet.,
1580 3029 1684 3069 edito
1721 3028 1772 3069 ob
1803 3028 1931 3069 hono-
