2092 3360
276 171 358 210 188
1026 169 1145 215 Caput
1166 170 1228 206 XI.

386 284 501 332 4434
540 299 577 337 q.
601 285 639 324 b.
660 286 686 324 f.
709 285 735 324 f.
758 285 844 333 sit¹,
875 285 1028 336 equites
1053 284 1060 339 Ι
1087 286 1183 325 (1636
1214 297 1382 337 magnae
1402 286 1544 338 virgini
1572 284 1577 340 Ι
1605 286 1770 327 Caelesti
1801 287 1986 328 restitue-

275 361 371 395 runt
405 353 411 408 Ι
447 353 636 405 templum
668 352 832 391 numine
863 352 948 405 ipso
979 353 1166 403 dictante,
1208 354 1360 406 equites
1391 360 1624 395 constanter
1663 353 1765 409 enlm
1796 354 1987 407 templum

274 422 548 462 restituerunt.

389 488 462 520 Ain
483 485 719 519 Temouchent
735 485 996 527 Mauretaniae,
1020 487 1084 519 ubi
1105 485 1259 527 fuerunt
1272 488 1435 532 Albulae,
1459 499 1535 533 rep.
1557 488 1666 530 (VIII
1677 489 1762 523 9796
1785 489 1880 522 vidit
1898 487 1988 523 Wil-
2008 480 2010 484 ’

273 542 426 587 manns).
451 563 495 567 —
523 544 555 584 1)
581 542 685 584 Quod
707 543 837 575 bonum
861 541 1023 581 faustum
1047 542 1141 582 felix
1165 545 1223 577 sit.

385 630 498 677 4435
540 632 714 673 Rubrius
744 632 931 685 Rolgatus
962 633 1251 686 Belallitanus¹‚
1287 630 1421 685 salcer.
1453 633 1584 683 Cael.²,
1617 634 1721 688 vixlit
1749 647 1812 678 an.
1837 634 1952 684 LXX,
1977 632 1986 682 Ι
2032 672 2035 674 ,

275 701 339 741 hic
370 701 432 740 sit.
463 706 534 740 est.

392 765 423 799 T
420 765 519 800 ester
543 768 583 799 in
607 766 747 808 Africa,
770 768 835 800 ubi
859 767 1002 801 videtur
1025 766 1140 808 fuisse
1168 766 1319 800 Tichilla
1344 768 1453 808 (VIII
1472 768 1560 803 4560
1583 768 1677 802 vidit
1694 768 1925 813 Wilmanns).
1943 786 1987 794 ·—·

278 824 310 865 1)
333 823 563 856 Belalitensis
595 825 779 866 episcopus
810 827 1032 857 memoratur
1056 835 1089 858 a.
1104 824 1166 858 414¹
1194 823 1306 868 (Gest.
1332 824 1411 858 coll.
1439 824 1638 870 Carthag.).
1673 845 1716 850 —
1755 826 1788 868 2)
1813 825 1990 859 Sacerdos

276 879 450 914 Caelestis.

387 970 501 1016 4436
549 972 584 1011 d.
607 984 658 1011 m.
687 970 693 1026 Ι
721 972 762 1012 C.
785 973 919 1014 Avidio
940 974 1117 1014 Primulo
1144 972 1150 1028 Ι
1177 973 1373 1014 sacerdoti
1395 973 1595 1023 Caelestis,
1623 971 1629 1028 Ι
1656 973 1956 1027 incomparabili
1978 978 1986 1030 Ι

276 1040 483 1092 religionis
513 1040 610 1089 eius,
640 1037 645 1093 Ι
671 1039 714 1080 C.
737 1041 896 1081 Avidius
917 1041 1052 1082 Vitalis
1079 1041 1085 1090 Ι
1111 1042 1213 1094 patri
1245 1041 1283 1081 b.
1308 1053 1358 1080 m.

395 1106 601 1139 Tarracone
627 1107 683 1146 (II
701 1107 790 1141 4540
814 1107 863 1140 ad
886 1109 1087 1150 exemplum
1111 1108 1337 1151 Augustini).

389 1196 503 1244 4437
543 1200 579 1238 d.
603 1212 654 1238 m.
683 1198 689 1253 Ι
717 1199 758 1239 C.
775 1200 866 1240 Vari
887 1201 1091 1253 Apolausti
1111 1198 1118 1256 Ι
1140 1201 1312 1254 principi
1333 1201 1596 1240 sacerdotium
1623 1209 1707 1254 (sie)
1734 1200 1740 1256 Ι
1768 1201 1886 1242 dacae
1903 1209 1987 1256 (sie)

275 1267 473 1316 Caelestis,
504 1267 571 1319 qui
600 1267 696 1307 vixit
721 1266 725 1322 Ι
754 1268 870 1309 annis
900 1268 1096 1322 XXVllll,
1125 1266 1131 1324 Ι
1159 1268 1197 1309 C.
1224 1268 1361 1308 Varius
1381 1268 1582 1309 Achilleus
1608 1266 1613 1322 Ι
1641 1269 1751 1308 fratri
1781 1269 1987 1309 karissimo

274 1342 313 1376 et
338 1334 342 1390 Ι
371 1335 619 1388 pientissimo
652 1341 692 1374 et
720 1333 1057 1392 incomlparabali‚
1088 1349 1162 1390 per
1193 1349 1310 1389 quem
1341 1333 1512 1391 semlper
1541 1337 1720 1376 securior
1749 1337 1855 1376 vixit.

389 1400 521 1434 Romae
547 1401 620 1442 (VI
638 1403 731 1436 2242
756 1403 850 1436 vidit
872 1403 1045 1446 Henzen).

388 1491 504 1538 4438
534 1493 685 1534 Flaviae
701 1491 960 1551 Epicha[ridi]
991 1493 995 1550 Ι
1023 1495 1266 1536 sacerdotiae
1294 1492 1299 1548 Ι
1326 1495 1420 1535 deae
1442 1494 1595 1546 Virgini
1621 1498 1705 1543 (sic)
1732 1494 1737 1550 Ι
1767 1492 1987 1544 Caelestis‚l

275 1561 594 1615 praesentissimo
627 1562 804 1602 numini¹
833 1561 838 1616 Ι
864 1563 941 1603 1οοί
974 1564 1118 1604 montis
1149 1563 1313 1615 Tarpei,
1351 1560 1356 1617 Ι
1395 1562 1526 1603 Sextia
1557 1563 1759 1616 Olympias
1788 1564 1826 1603 h.
1848 1563 1892 1603 f.²
1917 1560 1923 1618 Ι
1950 1567 1993 1603 et

275 1630 481 1671 Chrestina
510 1629 729 1670 Dorcadius
757 1631 796 1669 h.
820 1631 876 1679 f.²‚
905 1628 910 1684 Ι
936 1631 1178 1672 honorificae
1210 1631 1416 1680 seminae³‚
1453 1629 1457 1685 Ι
1496 1631 1657 1683 coniugi
1686 1631 1776 1671 Iuni
1797 1631 1896 1684 Hyle
1927 1642 1990 1671 sa-

275 1699 395 1746 cerd„
424 1696 430 1750 Ι
458 1709 535 1737 una
566 1710 656 1738 cum
688 1705 859 1739 sacratas
891 1705 930 1739 et
961 1699 1212 1748 canistrariis‚
1241 1698 1245 1753 Ι
1275 1699 1539 1750 dignissimae.
1578 1703 1636 1743 (In
1662 1702 1787 1748 latere)
1813 1698 1990 1739 dedicata

293 1767 372 1807 dib.
402 1766 496 1805 Nov.
524 1763 530 1820 Ι
559 1766 776 1806 Aemiliano
808 1773 847 1807 et
877 1767 998 1807 Basso
1029 1767 1127 1808 cos.⁴

387 1833 519 1867 Romae
542 1844 616 1876 rep.
640 1834 704 1865 sub
730 1835 861 1866 montis
887 1833 1083 1876 Capitolini
1107 1834 1218 1866 latere
1243 1832 1339 1874 quod
1362 1836 1414 1864 est
1436 1835 1699 1876 septentriones
1722 1843 1845 1866 versus
1869 1831 1991 1877 (Gatti

275 1891 359 1925 diss.
392 1890 494 1925 acad.
521 1888 655 1933 pontif.
680 1890 858 1923 arehaeol.
889 1901 958 1924 ser.
983 1890 1021 1923 II
1040 1892 1072 1931 6,
1097 1890 1182 1923 4896
1212 1899 1246 1932 p.
1270 1889 1373 1932 522).
1410 1908 1456 1913 --
1496 1891 1529 1932 1)
1562 1890 1670 1923 Casus
1695 1891 1920 1933 perturbati.
1944 1907 1989 1913 —

274 1949 308 1990 2)
333 1946 542 1987 Honorifiea
570 1940 709 1986 femina
736 1948 792 1987 (ut
815 1957 861 1979 ea:
880 1948 1108 1990 sequentibus
1133 1948 1285 1989 apparet
1309 1945 1495 1987 legendum
1520 1946 1621 1990 esse).
1646 1965 1690 1970 —
1716 1947 1748 1988 3)
1776 1945 1919 1989 Spectat
1941 1944 1991 1978 ad

273 2003 441 2036 Flauiam
459 2003 726 2046 Epicharidem,
749 2006 783 2036 et
798 2005 912 2046 ipsam
928 2003 1165 2044 honorificam
1180 2000 1353 2041 feminam
1373 2001 1579 2045 (coniugem
1599 2002 1735 2035 seilicet
1749 2000 1828 2036 viri
1840 2003 1989 2043 honesti,

277 2059 374 2102 quod
388 2060 600 2092 vocabulum
623 2061 791 2093 similiter
814 2063 1028 2103 usurpatum
1053 2070 1125 2092 esse
1149 2062 1190 2092 ut
1210 2057 1466 2101 perfectissimi
1490 2062 1524 2092 et
1546 2061 1686 2102 egregii
1708 2062 1833 2093 notum
1849 2061 1990 2101 est).—

274 2118 295 2150 4
333 2116 376 2150 A.
391 2117 473 2150 259.

297 2117 309 2158 )
389 2173 463 2216 Ipsi
487 2173 572 2206 deae
597 2173 747 2207 Caelesti
769 2175 808 2206 in
831 2175 919 2206 urbe
943 2172 1054 2206 Roma
1079 2172 1235 2205 dedicati
1259 2174 1344 2204 sunt
1367 2172 1468 2205 tituli
1492 2172 1545 2206 Vl
1556 2172 1696 2215 77—79,
1720 2173 1784 2205 ubi
1805 2182 1891 2206 sane
1914 2181 1989 2205 non

275 2231 418 2263 omnino
438 2233 573 2263 eertum
598 2233 648 2263 est
671 2231 834 2272 intellegi
857 2231 957 2263 deam
977 2229 1321 2271 Carthaginiensem.
1361 2228 1446 2262 Sine
1463 2229 1570 2263 dubio
1589 2229 1882 2272 Carthaginiensi
1903 2228 1989 2281 deae

274 2286 415 2319 dicatus
439 2290 491 2319 est
515 2290 538 2322 t.
563 2298 674 2330 supra
698 2286 743 2321 Ν.
759 2288 866 2322 5925.

389 2376 502 2423 4439
541 2392 615 2432 pro
645 2380 768 2420 salute
794 2378 987 2420 Antonini
1018 2378 1112 2430 imp.
1144 2384 1182 2417 et
1211 2377 1309 2418 lulie
1338 2378 1463 2418 Dome
1485 2381 1568 2427 (sic)
1596 2376 1601 2434 Ι
1629 2391 1694 2431 po.
1715 2390 1770 2418 sa.
1793 2371 1989 2441 cerff—l

277 2447 447 2486 Saturno
489 2447 650 2487 domino
682 2454 721 2488 et
751 2448 837 2500 Opi¹
864 2445 869 2501 Ι
904 2446 1064 2499 reginae
1095 2458 1188 2494 sac„
1227 2446 1429 2498 templum
1459 2452 1498 2486 et
1533 2444 1538 2501 Ι
1574 2458 1681 2486 aram
1719 2451 1759 2486 et
1787 2445 1986 2498 porticum

276 2515 460 2554 fecerunt
486 2513 491 2569 Ι
519 2515 562 2555 L.
584 2516 768 2556 Veturius
799 2516 907 2556 Felix
937 2521 976 2555 et
1007 2514 1127 2554 Lucia
1157 2514 1310 2562 Quieta,
1338 2512 1344 2567 Ι
1370 2514 1549 2554 feliciter.

389 2583 503 2625 Prope
526 2582 750 2616 Lambaesim
776 2582 887 2624 (VIII
901 2582 986 2616 2670
1011 2579 1058 2620 ef.
1075 2592 1109 2624 p.
1123 2580 1210 2615 4759
1234 2581 1327 2613 vidit
1344 2580 1531 2622 Schmidt).
1549 2599 1591 2603 -
1619 2581 1650 2622 1)
1675 2580 1799 2613 Posuit
1820 2578 1986 2613 sacerdos

275 2648 415 2679 eorum,
448 2639 585 2672 seilicet
607 2639 762 2673 Saturni
785 2643 819 2673 et
845 2639 938 2682 Opis.
990 2638 1168 2672 Videntur
1192 2638 1278 2670 haec
1303 2639 1424 2670 omnia
1445 2640 1570 2680 postea
1595 2637 1720 2670 addita
1743 2647 1825 2671 esse.

395 2693 551 2727 Titulum
579 2696 646 2737 Opi
668 2697 853 2737 Augustae
882 2695 1049 2729 Theveste
1074 2695 1232 2727 dicatum
1257 2694 1339 2727 dedi
1362 2704 1474 2737 supra
1499 2692 1545 2727 N.
1569 2694 1679 2727 5552.

388 2784 502 2831 4440
556 2788 729 2829 Saturno
761 2789 927 2829 Achaiae
958 2789 1075 2840 Aug.¹
1109 2799 1209 2828 sacr.
1251 2786 1255 2841 Ι
1298 2799 1371 2839 pro
1408 2787 1476 2827 sal.
1517 2787 1611 2840 imp.
1652 2786 1759 2827 Caes.
1791 2785 1982 2827 Antonini

275 2858 373 2907 Aug.
396 2855 454 2895 Pii
485 2869 523 2908 p.
546 2869 599 2908 p.‚
627 2855 633 2911 Ι
660 2868 758 2908 gens
788 2857 1033 2897 Bacchuiana
1064 2857 1256 2908 templum
1287 2868 1356 2895 sua
1388 2868 1474 2907 pec.
1505 2856 1699 2907 fecerunt,
1731 2855 1782 2895 id.
1804 2854 1982 2906 dedic-st

276 2922 473 2964 Candidus
511 2924 754 2965 Balsamonis
793 2925 845 2964 fil.
883 2938 929 2964 ex
968 2924 1019 2964 Xl
1056 2924 1133 2976 pr.²
1171 2923 1337 2976 amplius
1377 2923 1545 2976 spatium
1590 2923 1631 2963 in
1672 2936 1750 2976 quo
1790 2921 1984 2975 templum

275 2990 387 3029 fieret
460 2991 629 3031 donavit.

390 2989 432 3089 'Inl
456 3056 586 3097 Africa
613 3059 689 3092 loeo
715 3059 810 3091 dieto
835 3059 890 3092 Bu
908 3059 1054 3102 Djelida
1081 3058 1188 3103 (VIII
1211 3058 1247 3092 S.
1263 3057 1376 3092 42551
1404 3058 1571 3091 viderunt
1588 3057 1727 3100 Cagnat
1743 3059 1777 3090 et
1793 3054 1982 3100 Schmidt).
