2092 3360
284 172 337 210 26
1033 169 1153 216 Caput
1176 169 1241 204 XI.

397 287 441 320 In
456 287 575 320 insula
592 285 795 318 Dalmatiae
812 283 931 326 Nigra
945 283 1104 328 Corcyra
1121 283 1308 328 (Curzola)
1336 282 1408 327 (111
1421 283 1510 318 5066
1535 280 1582 322 cf'.
1599 281 1658 315 III
1670 281 1706 316 S.
1719 281 1831 318 40085
1847 283 1996 317 Hirsch-

282 342 361 384 feld
382 344 475 377 vidit
499 341 692 386 ectypum).
718 360 761 366 -
788 342 820 382 1)
847 340 1047 374 Sacerdote.

397 432 513 478 3180
561 433 727 485 imperio
757 432 922 472 Veneris
960 432 1112 472 fisioae¹
1152 432 1232 472 Iovi
1273 445 1310 472 o.
1342 444 1394 470 m.
1421 430 1428 485 Ι
1463 430 1629 471 Antistia
1660 429 1791 470 Methe
1818 425 1825 482 Ι
1851 429 1997 470 Antisti

283 502 497 555 Primigeni
524 501 530 555 Ι
558 513 617 540 ex.
649 501 686 540 d.
717 500 754 540 d.

396 569 572 611 Pompeiis
599 577 672 610 rep.
696 569 792 600 inter
829 577 944 600 annos
967 567 1051 600 4594
1076 569 1110 598 ct
1131 565 1215 599 4600
1247 570 1326 598 cum
1357 567 1602 608 aquaeductus
1624 565 1729 606 fieret
1762 563 1814 608 (X
1831 565 1902 598 928
1923 574 1999 598 ser-

283 627 382 660 vavit
407 625 602 668 Capaccius
626 626 754 656 auctor
778 623 998 668 accuratus).
1024 643 1069 648 —
1095 624 1127 665 1)
1150 622 1285 655 Eadem
1312 623 1430 657 Venus
1452 622 1556 663 fisica
1579 624 1800 655 memoratur
1825 621 1934 654 etiam
1957 621 1999 654 in

286 683 424 716 duabus
447 681 745 723 inscriptionibus
764 682 977 723 parietariis
992 680 1217 724 Pompeianis
1242 678 1315 722 (IV
1326 680 1416 713 4520
1440 683 1476 712 et
1497 679 1547 712 ad
1562 678 1595 712 X
1606 679 1714 719 928),·
1738 677 1871 720 Mefitis
1893 678 2000 720 [isica

286 742 338 772 est
361 739 396 773 X
415 739 495 773 205.
524 736 745 772 Vocabulum
770 738 968 776 obscurum,
994 734 1036 767 de
1062 745 1188 780 φυσικ·
1211 746 1285 769 non
1309 736 1554 778 cogitandum.

398 828 506 874 3181
557 829 700 869 Veneri
731 830 829 881 Aug.
858 826 863 881 Ι
898 828 941 867 L.
972 828 1095 868 Iulius
1124 827 1168 867 L.
1201 828 1227 867 f.
1258 828 1320 874 Q.¹
1352 823 1550 875 Martiallis
1581 827 1732 876 Illvir2,
1775 827 1861 867 aed.
1891 833 1931 868 et
1960 839 2022 880 q.·

285 899 397 952 pot.³,
436 896 699 952 silmulaorum
739 909 899 936 aereum
929 896 1094 936 Veneris
1129 895 1135 949 Ι
1167 908 1258 935 cum
1299 896 1394 936 aede
1431 891 1502 937 sua
1541 902 1580 936 et
1615 895 1876 948 Cupidinibus
1910 894 1917 950 Ι
1952 907 2001 936 ex

285 966 518 1006 liberalitate
558 965 601 1005 L.
633 965 705 1004 Iuli
737 964 922 1004 Martialis
949 962 955 1017 Ι
981 964 1102 1016 patris
1132 963 1206 1011 sui,
1237 976 1359 1016 super
1388 964 1502 1004 aliam
1534 963 1820 1017 libe2ralitatem
1849 964 2000 1004 Romae
2030 981 2033 984 ⁴

286 1034 503 1082 aeternae⁴‚
531 1031 537 1085 Ι
564 1045 680 1085 quam
711 1033 873 1072 nomine
902 1032 1071 1072 Victoris
1098 1031 1228 1072 fratris
1256 1033 1261 1085 Ι
1290 1029 1380 1087 [su]i
1411 1033 1619 1085 posuisset,
1651 1031 1772 1071 dedit.
1794 1031 1888 1072 Dec.
1909 1031 1999 1074 dec.

404 1099 522 1133 Cirtae
553 1099 661 1140 (VIII
680 1102 766 1134 6965
790 1100 883 1133 vidit
908 1099 1138 1140 Wilmanm).
1175 1117 1218 1122 —
1258 1100 1288 1141 1)
1314 1098 1468 1140 Quirina
1493 1100 1636 1142 (tribu).
1665 1117 1712 1124 —
1744 1099 1778 1142 2)
1806 1097 2000 1140 Triumvir,

286 1167 333 1191 sc.
362 1156 586 1189 coloniarum
612 1156 835 1189 Cirtensium.
868 1174 907 1180 —
945 1156 979 1196 3)
1004 1154 1142 1188 Aedilis
1165 1157 1201 1186 et
1223 1157 1449 1197 quaestoriae
1477 1157 1676 1198 potestatis.
1710 1174 1755 1181 —
1790 1156 1825 1198 4)
1850 1155 2002 1188 Praeter

294 1213 441 1247 Veneris
464 1213 695 1246 simulacrum
721 1216 756 1245 et
778 1213 899 1245 aedem
923 1211 1040 1244 Iulius
1063 1210 1244 1244 Martialis
1274 1212 1383 1244 etiam
1413 1212 1646 1245 simulacrum
1669 1211 1800 1245 Romae
1832 1215 2002 1245 aeternae

285 1272 522 1314 promiserat,
551 1271 695 1303 nomine
718 1269 860 1308 fratris.
1339 1267 1345 1273 '

401 1361 516 1407 3182
553 1362 648 1411 Iovi,
678 1362 837 1410 lunon.,
868 1361 1021 1410 Miner„
1050 1359 1054 1414 Ι
1083 1360 1255 1401 Antonia
1276 1361 1327 1402 M.
1349 1361 1416 1401 lib.
1445 1360 1450 1416 Ι
1478 1361 1711 1414 Aphrodisia
1733 1361 1904 1414 scyphos
1924 1359 1999 1410 ΙΙ,Ι

290 1432 502 1479 Venerem,
533 1431 736 1483 speculum
765 1430 771 1485 Ι
799 1430 947 1469 donum
979 1428 1097 1468 dedit.

402 1498 586 1540 Augustae
611 1497 817 1530 Praetoriae
842 1496 988 1540 (Aosta)
1013 1507 1088 1538 rep.
1119 1495 1174 1536 (V
1189 1497 1279 1530 6829
1306 1496 1396 1528 vidit
1419 1495 1641 1538 Mommsen).

403 1578 541 1624 3182a
574 1579 770 1620 Mescenia
796 1576 802 1633 Ι
829 1578 1034 1617 valentina
1061 1575 1067 1631 Ι
1094 1577 1260 1630 imperio
1287 1577 1291 1631 Ι
1321 1578 1484 1618 Veneris
1512 1575 1517 1630 Ι
1544 1578 1740 1618 lunonem
1765 1578 1772 1632 Ι
1799 1579 1837 1618 d.
1868 1579 1906 1619 d.

408 1646 551 1680 Salonis
576 1646 650 1686 (III
669 1646 756 1679 4962
781 1645 874 1678 vidit
897 1644 1118 1685 Mommsen).

403 1736 519 1782 3183
568 1738 752 1778 Fedimus
783 1737 977 1792 conditlor
1012 1737 1158 1777 sacrari
1189 1736 1352 1776 Veneris
1379 1734 1384 1791 Ι
1413 1736 1629 1778 Chendies¹
1669 1750 1759 1778 cum
1790 1738 2001 1793 polrticum

291 1812 331 1846 et
360 1803 656 1860 cocinaltorium
688 1806 846 1846 costitui
873 1803 878 1860 Ι
906 1812 944 1845 et
975 1805 1090 1845 ente²
1118 1804 1271 1844 donavi.

408 1873 499 1906 Olim
515 1872 646 1906 Romae
669 1875 710 1905 ut
730 1873 880 1914 videtur,
905 1874 978 1905 iam
998 1872 1131 1905 Oxonii
1154 1871 1222 1914 (VI
1245 1871 1339 1905 2275
1363 1871 1456 1904 vidit
1471 1872 1664 1916 Huebner).
1681 1889 1727 1897 --
1753 1874 1785 1915 1)
1810 1873 2004 1916 Intellege.-

292 1929 455 1963 Cnidiaes
479 1929 640 1970 (cultores
665 1929 840 1970 [Vener]is
865 1928 1003 1961 Gnidiae
1027 1932 1271 1961 memorantur
1297 1928 1347 1962 VI
1369 1929 1477 1970 4872‚·
1507 1929 1631 1962 Bonae
1654 1929 1739 1962 deae
1765 1929 1897 1964 Veneri
1922 1929 2004 1964 Cni-

291 1986 372 2019 diae
398 1986 582 2018 dedicatus
606 1988 656 2018 est
680 1986 806 2018 titulus
828 1983 929 2025 infra
954 1984 999 2018 N.
1016 1985 1137 2026 5545).
1153 2003 1197 2009 —
1223 1986 1256 2028 2)
1279 1985 1469 2018 Mommsen
1493 1986 1690 2028 intellegit:
1716 1988 1751 2019 et
1774 1984 2003 2031 maiomam.

404 2087 519 2134 3184
567 2089 616 2128 Μ.
639 2090 822 2130 Aurelius
852 2090 1025 2129 Pacorus
1051 2089 1056 2144 Ι
1085 2095 1123 2129 et
1147 2089 1154 2142 Ι
1181 2089 1231 2129 Μ.
1254 2089 1444 2130 Cocceius
1465 2090 1690 2139 Stratocles,
1719 2090 1725 2146 Ι
1751 2091 1897 2132 aeditui
1926 2091 2003 2132 Ve-

293 2158 401 2198 neris
430 2159 639 2197 hortorum
666 2156 671 2210 Ι
699 2158 1060 2204 Sallustianorum1,
1097 2155 1103 2210 Ι
1138 2157 1272 2197 basem
1302 2170 1393 2197 cum
1419 2156 1425 2211 Ι
1461 2158 1662 2210 paimento
1687 2158 1694 2214 Ι
1721 2165 1961 2202 marmorato
1995 2157 2001 2214 Ι

292 2225 448 2265 Deanae
474 2224 479 2279 Ι
507 2225 544 2264 d.
575 2225 612 2265 d.

405 2291 547 2333 Romae,
570 2293 746 2325 incertum
763 2302 833 2334 qua
851 2293 998 2334 regione
1021 2292 1122 2324 urbis
1137 2302 1210 2334 rep.
1229 2291 1250 2335 (
1247 2291 1284 2325 V
1281 2292 1299 2324 Ι
1313 2291 1381 2325 422
1407 2293 1550 2334 saepius
1575 2292 1755 2336 descripta
1777 2304 1871 2328 naec.
1887 2293 2002 2339 XVI)-

292 2367 338 2374 —
356 2348 535 2389 Confictus
552 2351 603 2380 est
626 2349 753 2381 titulus
772 2348 919 2382 Veneris
936 2349 1121 2381 hortorum
1140 2347 1443 2381 Sallustianorum
1463 2348 1568 2382 Orell.
1582 2349 1669 2383 4569
1687 2348 1748 2393 (=-
1766 2350 1816 2384 Vl
1829 2351 1942 2395 667*).
1956 2369 2000 2376 —

295 2406 327 2447 1)
351 2404 454 2438 Alius
477 2405 643 2437 aedituus
662 2405 810 2439 Veneris
834 2405 1020 2437 hortorum
1044 2404 1351 2438 Sallustianorum
1375 2408 1428 2437 est
1451 2405 1542 2447 Eplz.
1568 2416 1620 2448 ep.
1645 2407 1676 2448 4,
1692 2408 1767 2441 869.

406 2494 519 2540 3185
568 2497 614 2537 Ν.
646 2498 848 2538 Pumidius
879 2497 925 2543 Q.
955 2498 996 2546 f.‚
1033 2495 1039 2550 Ι
1074 2497 1124 2536 Μ.
1157 2497 1308 2538 Cottius
1338 2497 1389 2537 M.
1421 2498 1446 2538 f.
1475 2497 1481 2551 Ι
1517 2508 1733 2551 (sequuntur
1753 2508 1829 2542 alia
1852 2510 2002 2543 nomina

294 2567 450 2612 decem).-
488 2565 618 2605 heisce
648 2565 891 2617 magistreis¹
925 2565 1101 2606 Venerus
1131 2565 1257 2605 loviae
1295 2565 1478 2606 murum²
1509 2565 1517 2619 Ι
1550 2566 1835 2606 aedificandum
1871 2567 2001 2608 coira-

293 2638 435 2672 verunt
464 2633 553 2685 ped.
579 2633 783 2689 cespxx
814 2639 853 2674 et
878 2633 883 2686 Ι
910 2633 1036 2673 loidos
1066 2634 1248 2674 fecerunt
1278 2634 1363 2674 Ser.
1386 2633 1561 2686 Sulpicio
1591 2632 1643 2672 M.
1665 2633 1824 2674 Aurelio
1846 2631 1959 2691 co[s.]
1971 2635 1999 2676 ⁸.

409 2710 563 2754 Capuae,
587 2722 684 2744 nunc
700 2710 854 2755 Neapoli
878 2712 915 2752 (I
934 2714 1010 2746 565.
1035 2711 1070 2746 X
1089 2712 1195 2754 5776,·
1219 2711 1354 2746 Riese-hl
1379 2712 1449 2746 tab.
1474 2710 1648 2755 LXJJIa).
1696 2711 1859 2745 Alterum
1883 2723 2003 2747 exem·

292 2767 392 2810 plum
416 2767 570 2800 eiusdem
588 2770 843 2812 inscriptionis,
867 2769 929 2802 sed
951 2770 1128 2810 mutilum,
1153 2772 1204 2802 est
1225 2771 1265 2803 in
1290 2769 1408 2812 lapide
1433 2769 1486 2801 bis
1503 2770 1643 2802 tantum
1667 2767 1843 2811 descripto
1867 2767 1902 2802 X
1913 2769 2002 2805 5777

294 2823 442 2866 =Eplz.
467 2834 518 2867 ep.
541 2825 575 2866 8,
587 2825 661 2859 460.
685 2843 728 2849 ——
755 2826 787 2864 1)
811 2825 990 2868 magistres
1014 2826 1158 2859 videtur
1181 2837 1253 2859 esse
1275 2827 1315 2858 in
1336 2826 1448 2859 altero
1473 2825 1644 2868 exemplo.
1694 2823 1853 2858 Ceterum
1878 2825 1921 2858 de
1943 2827 2000 2860 Itis

293 2882 479 2922 magistris
501 2879 672 2920 sanorum
696 2882 735 2914 in
759 2891 850 2924 agro
869 2881 1052 2925 Campano
1076 2885 1160 2915 ante
1184 2882 1364 2916 conditam
1389 2882 1568 2915 coloniam
1593 2881 1751 2925 Capuam
1775 2884 1895 2915 creari
1916 2882 2002 2917 soli-

295 2937 341 2968 tis
365 2935 411 2975 cf.
430 2936 620 2970 Mommsen
646 2937 729 2972 CIL.
746 2938 779 2971 X
788 2948 825 2981 p.
838 2938 904 2973 567
920 2942 955 2971 et
970 2938 1071 2979 infra
1087 2938 1133 2974 Ν.
1145 2939 1248 2974 5540.
1267 2938 1367 2973 5544.
1380 2939 1483 2981 5597,
1506 2940 1592 2971 item
1612 2940 1709 2971 inter
1733 2937 1859 2972 titulos
1881 2941 1999 2973 muni-

295 2992 438 3035 cipales.
463 3011 507 3018 —
538 2994 572 3036 2)
596 2994 775 3027 Postrema
800 2995 967 3028 vocabuli
990 2996 1127 3038 littera,
1157 2997 1292 3039 scripta
1316 2997 1355 3028 in
1378 2994 1450 3035 fine
1475 3005 1596 3028 versus
1619 2997 1695 3028 eius
1719 2995 1783 3038 qui
1802 2995 1999 3040 praecedit,

296 3058 359 3082 ner
380 3050 524 3090 signum
548 3049 725 3091 quoddam
750 3050 799 3083 ad
820 3052 914 3084 hunc
938 3062 1075 3085 versum
1100 3053 1278 3085 revocata.
1302 3070 1347 3077 —
1371 3053 1405 3092 3)
1430 3051 1474 3085 Λ.
1499 3062 1533 3085 u.
1559 3061 1588 3085 c.
1611 3052 1684 3085 646.
