2092 3360
554 151 668 189 Tituli
692 152 946 200 municipales.
970 174 1015 180 —
1039 153 1119 191 Lex
1142 154 1239 191 Iulia.
1261 155 1502 201 municipalis.
1800 156 1887 196 499

176 279 263 309 sum
293 264 415 326 age[t]
431 266 486 318 ¹⁸⁸,
527 269 645 309 finem
675 269 814 322 populi
854 270 1013 310 cesendi
1040 274 1126 319 (sic)
1166 271 1323 320 faciant,
1363 284 1431 312 eos
1461 271 1595 312 adeam
1610 270 1655 292 ¹²⁷
1684 271 1888 326 librosque

176 336 262 377 eius
291 337 486 390 municipi
515 337 696 378 coloniae
726 338 998 391 praefecturae
1025 337 1031 393 Ι
1059 339 1147 389 (153)
1166 338 1306 390 edant;
1338 339 1451 392 isque
1482 353 1638 396 censor,
1666 341 1770 382 seive
1800 342 1890 394 quis

119 423 121 426 ·
175 404 275 445 alius
304 417 407 458 mag.
438 417 603 446 censum
635 405 774 459 populi
805 412 907 459 aget,
938 405 1079 448 diebus
1100 406 1130 445 V
1159 408 1399 460 proxumeis,
1431 408 1575 461 quibus
1599 409 1740 462 legatei
1771 407 1886 465 eius}

175 475 264 524 (154)
292 473 485 527 municipi
515 474 697 515 coloniae
738 475 1007 527 praefecturae
1038 475 1226 524 adierint,
1267 488 1335 517 eos
1366 475 1489 517 libros
1519 488 1675 527 census,
1717 479 1808 531 quei
1838 478 1887 519 ab

175 541 247 582 ieis
276 541 439 594 legateis
468 541 681 590 dabuntur,
722 542 892 595 accipito
932 541 939 597 Ι
982 541 1070 595 (155)
1097 555 1129 583 s.
1160 543 1197 583 d.
1229 556 1301 592 m.,
1342 556 1469 596 exque
1497 544 1568 585 ieis
1599 545 1747 595 libreis,
1787 558 1889 599 quae

174 609 253 650 ibei
283 610 429 663 scripta
459 616 589 659 erunt,
627 611 669 650 in
701 610 855 651 tabulas
883 610 1060 664 publicas
1090 610 1302 651 referunda
1333 618 1484 660 curato,
1523 625 1669 666 easque
1698 614 1852 657 tabulas
1878 612 1886 671 Ι

174 677 260 729 (156)
292 678 431 718 eodem
462 678 565 726 loco,
603 678 697 719 ubei
728 685 883 720 ceterae
914 677 1071 719 tabulae
1102 677 1283 731 publicae
1313 686 1451 729 erunt,
1490 681 1530 720 in
1565 682 1709 733 quibus
1743 695 1889 724 census

174 746 311 800 populi
342 747 588 800 perscriptus
618 747 705 794 erit,
738 747 945 788 condenda
959 745 1004 767 ¹²⁸
1033 753 1182 786 curato.
1210 745 1217 802 Ι
1526 760 1529 763 ·

288 816 377 867 (157)
409 815 487 863 Qui
523 814 706 867 pluribus
741 816 780 856 in
820 815 1070 868 municipieis
1108 815 1286 872 cotoneis
1326 806 1612 868 praefectureis
1643 818 1887 860 domicilium

173 883 346 932 habebit,
377 890 416 924 et
444 881 534 924 is¹²⁹
562 883 710 924 Romae
743 896 886 925 census
906 884 993 932 erit,
1025 895 1105 936 quo
1136 883 1260 936 magis
1286 882 1293 937 Ι
1321 885 1409 936 (158)
1429 885 1469 925 in
1491 886 1710 939 municipio
1731 887 1887 928 colonia

173 953 420 1006 praefectura
450 952 488 992 h.
520 952 560 992 1.¹
591 959 811 1001 censeatur,
841 964 875 992 e.
906 952 944 992 h.
974 952 1000 992 l.
1032 964 1073 991 n.
1105 950 1201 1006 r.⁶²{

288 1020 377 1073 (159)
398 1020 499 1068 Quei
530 1020 617 1072 lege
645 1020 749 1072 pl.ve
779 1017 888 1061 sc.¹³⁰
918 1019 1134 1072 permissus
1163 1026 1223 1060 est
1254 1016 1389 1076 [f]uit,
1422 1022 1501 1062 utei
1532 1022 1639 1075 leges
1669 1023 1709 1063 in
1724 1021 1769 1043 ¹³¹
1798 1036 1887 1064 mu·

175 1091 323 1144 nicipio
353 1086 590 1130 fundano¹⁸'
619 1089 936 1141 municipibusve
974 1089 1059 1129 eius
1097 1089 1288 1142 municipi
1326 1090 1450 1138 daret,
1491 1092 1497 1142 Ι
1538 1092 1625 1143 (160)
1658 1092 1715 1132 sei
1745 1090 1889 1144 quis¹³³

173 1160 206 1200 is
244 1164 336 1212 post
373 1158 411 1198 h.
442 1157 467 1197 l.
498 1154 583 1197 r.²³⁴
619 1157 662 1196 in
703 1169 750 1196 eo
789 1169 896 1198 anno
934 1170 1150 1210 proxumo,
1188 1170 1268 1210 quo
1302 1159 1341 1198 h.
1373 1158 1398 1198 l.
1429 1158 1602 1212 populus
1638 1160 1797 1209 iuserit,
1838 1161 1887 1201 ad

174 1239 240 1268 eas
269 1226 376 1279 leges
410 1222 614 1282 [addiderit
644 1228 937 1266 commutaverit
967 1223 1199 1281 conreoeerit]
1218 1224 1272 1274 ¹³⁵,
1310 1225 1621 1280 municipieis¹³⁶
1650 1229 1850 1270 fundanos
1877 1226 1886 1284 Ι

173 1296 260 1346 (161)
290 1295 382 1335 item
415 1300 561 1343 teneto,
593 1294 672 1334 utei
705 1301 922 1347 oporteret,
952 1295 1008 1335 sei
1040 1291 1138 1351 ea[e]
1170 1307 1233 1335 res
1263 1294 1312 1334 ab
1345 1308 1392 1335 eo
1423 1302 1522 1344 tum,
1562 1309 1682 1348 quom
1714 1297 1886 1349 primum

172 1363 281 1415 leges
310 1362 367 1403 eis
396 1362 667 1415 municipibus
705 1362 793 1415 lege
822 1363 925 1416 vae
955 1360 1063 1403 sc.¹³⁰
1093 1363 1216 1412 dedit,
1258 1361 1263 1417 Ι
1306 1363 1394 1414 (162)
1425 1363 1473 1403 ad
1504 1376 1569 1404 eas
1599 1364 1707 1417 leges
1736 1365 1887 1405 additae

174 1437 436 1472 commutatae
474 1437 685 1471 conrectae
725 1436 880 1480 essent;
925 1443 1024 1470 neve
1064 1431 1152 1483 quis
1189 1427 1459 1487 interced[i]to
1499 1443 1598 1472 neve
1630 1432 1724 1485 quid
1753 1433 1886 1481 facito,

174 1512 254 1552 quo
285 1499 421 1539 minus
446 1497 452 1554 1
481 1499 566 1551 (163)
587 1511 630 1539 ea
661 1505 746 1539 rata
779 1498 872 1547 sint,
903 1511 1031 1551 quove
1061 1499 1193 1540 minus
1223 1499 1437 1552 municipis
1467 1499 1666 1540 fundanos
1695 1506 1829 1541 teneat
1843 1498 1887 1520 ¹³⁷

172 1569 309 1620 eisque
339 1573 650 1620 optemperetur.

291 1645 427 1680 Tabula
445 1646 590 1685 ahenea,
615 1647 718 1679 euius
731 1655 822 1688 pars
836 1643 996 1685 inferior
1013 1644 1115 1688 (inde
1130 1656 1152 1678 a
1169 1656 1202 1678 v.
1217 1646 1269 1687 76,
1287 1644 1334 1686 cll
1351 1649 1426 1680 not.
1441 1646 1500 1690 70)
1523 1650 1665 1690 reperta
1683 1651 1735 1680 est
1749 1659 1783 1682 a.
1795 1648 1886 1683 {732

170 1713 284 1745 prope
298 1703 418 1735 vicum
433 1701 618 1735 Lucaniae
634 1703 802 1736 Pisticcio
827 1703 868 1735 in
885 1701 985 1735 alveo
1012 1705 1183 1736 torrentis
1199 1702 1439 1745 Salandrella,
1465 1704 1611 1736 circiter·
1625 1705 1648 1737 8
1663 1704 1738 1738 mit.
1754 1715 1776 1737 a
1792 1705 1885 1738 Poli-

173 1769 258 1793 coro
287 1760 362 1792 sive
386 1759 558 1792 Heraclea
581 1761 746 1802 antiqua,
775 1759 941 1801 superior
966 1759 1095 1801 paullo
1123 1762 1211 1802 post
1238 1762 1282 1792 ut
1311 1759 1453 1792 videtur
1483 1760 1603 1792 eodem
1636 1761 1713 1794 loco
1742 1765 1884 1804 reperta

171 1816 350 1849 translata
376 1819 426 1848 est
449 1817 490 1848 in
511 1815 760 1856 Britanniam,
786 1815 850 1848 sed
872 1825 968 1848 anno
992 1813 1072 1854 fere
1094 1815 1178 1849 4760
1201 1818 1386 1858 reportata
1411 1818 1450 1848 in
1474 1816 1638 1857 Italiam;
1666 1827 1763 1850 nunc
1785 1820 1884 1850 utra-

172 1884 238 1916 que
259 1883 348 1916 pars
371 1874 537 1904 servatur
559 1869 714 1913 Neapoli
739 1871 894 1915 (Bitsclzt
909 1873 980 1906 tab.
995 1871 1157 1906 XXXIII.
1174 1871 1334 1907 XXXIV.
1370 1872 1563 1905 Mommsen
1589 1872 1625 1906 C.
1639 1873 1667 1906 Ι.
1681 1873 1722 1906 L.
1746 1874 1764 1906 I
1786 1874 1882 1914 206).

173 1930 216 1963 In
238 1932 345 1973 parte
368 1939 494 1962 aversa
519 1927 593 1971 (vel
611 1930 734 1971 potius
760 1930 898 1969 antica)
924 1931 1026 1961 extat
1050 1929 1176 1961 titulus
1191 1931 1353 1961 vetustus
1368 1927 1534 1970 Graecus,
1558 1939 1661 1972 quem
1678 1930 1791 1963 edidit
1800 1934 1886 1973 post

172 1987 263 2019 alios
287 1985 412 2018 Kaibel
425 1986 536 2018 inser.
556 1983 615 2018 Gr.
633 1984 735 2018 Sicit.
753 1984 835 2018 Ital.
850 1995 886 2017 n.
902 1986 978 2019 645.
1024 1984 1196 2018 Tabulam
1219 1984 1411 2018 Heracleae
1430 1987 1633 2029 prostitisse
1659 1986 1759 2019 docet
1774 1997 1883 2030 argu-

171 2047 328 2076 mentum
351 2042 597 2084 inscriptionis
623 2041 790 2075 Graecae.
832 2040 971 2084 Legem,
997 2043 1100 2074 euius
1119 2044 1261 2084 partem
1280 2044 1499 2084 postremam
1522 2041 1624 2085 (nam
1648 2044 1688 2075 in
1703 2042 1776 2083 fine
1790 2044 1886 2076 nihil

176 2101 271 2133 deest
293 2101 521 2142 superestque
542 2100 700 2142 spatium
723 2097 893 2141 vacuum)
918 2099 957 2130 in
974 2098 1042 2130 hac
1059 2098 1180 2131 tabula
1198 2101 1368 2141 tenemus,
1393 2109 1464 2131 esse
1479 2098 1611 2131 Iuliam
1632 2100 1884 2142 municipalem

173 2157 242 2201 (sic
274 2155 402 2189 titulus
431 2165 543 2199 supra
567 2153 611 2189 Ν.
633 2155 751 2199 3406),
778 2157 1011 2187 memoratam
1044 2165 1066 2186 a
1098 2154 1264 2188 Cicerone
1293 2156 1439 2188 ineunte
1469 2166 1564 2189 anne
1593 2155 1669 2197 709,
1701 2155 1748 2195 cf.
1771 2166 1882 2200 supra

170 2217 246 2248 not.
256 2215 313 2254 85,
337 2212 595 2245 demonstravit
611 2211 819 2255 Savignyus
833 2210 1005 2245 Zeitsclir.
1020 2209 1179 2254 flgesch.
1191 2210 1414 2245 Rechtswiss.
1425 2213 1458 2254 9,
1470 2212 1559 2246 4856
1571 2223 1608 2256 p.
1621 2213 1778 2256 3weeq.,
1802 2224 1882 2246 ver-

170 2271 317 2304 misclite
334 2267 518 2308 Schriften
533 2269 559 2302 5
577 2278 616 2311 p.
631 2268 698 2302 279
705 2279 776 2311 seq.
801 2269 890 2308 (non
913 2270 1009 2301 recte
1033 2267 1175 2301 dubitat
1199 2267 1242 2300 de
1258 2268 1365 2300 Petra
1381 2271 1601 2301 monumenti
1616 2269 1675 2302 dei
1690 2269 1815 2303 Lincei
1830 2269 1868 2303 V
1865 2269 1887 2302 I

96 2346 98 2348 v
169 2339 206 2372 p.
223 2326 400 2370 aesna),
433 2326 496 2369 qui
513 2326 623 2368 putat
644 2324 791 2358 eandem
816 2335 888 2357 esse
912 2334 1018 2367 quam
1042 2325 1137 2357 nude
1158 2324 1412 2367 municipalem
1436 2325 1620 2368 appellant
1642 2327 1737 2359 iuris
1760 2330 1882 2359 aucto—

171 2396 228 2418 res
245 2384 341 2428 (Ind,
355 2382 441 2426 Dig.
453 2381 554 2416 Flor.
571 2381 669 2414 inter
685 2383 822 2425 scripta
839 2381 944 2414 Pauli
949 2393 962 2422 ,-
986 2380 1072 2424 Dig.
1087 2383 1144 2423 50,
1158 2381 1178 2414 4
1196 2382 1263 2424 tit„
1287 2382 1334 2414 ib.
1350 2383 1406 2423 50,
1422 2382 1455 2424 9,
1469 2382 1514 2422 5,·
1538 2382 1615 2415 cod.
1632 2382 1719 2416 Iust.
1734 2383 1766 2423 7,
1781 2383 1814 2424 9,
1830 2383 1849 2416 4
1846 2382 1880 2426 ).

173 2441 266 2475 Lata
291 2443 344 2473 est
366 2451 388 2473 a
415 2438 565 2472 Caesare
587 2437 765 2471 dictatore
787 2440 979 2482 antequam
1003 2439 1043 2471 in
1067 2438 1279 2481 Hispaniam
1302 2437 1593 2481 proficisceretur
1616 2442 1768 2472 exeunte
1791 2449 1825 2473 a.
1844 2449 1881 2473 u.

173 2508 202 2532 c.
218 2497 284 2531 708
306 2497 367 2538 (de
391 2499 548 2538 tempore
570 2492 700 2527 Nissen
724 2504 815 2527 mus.
839 2493 947 2528 alten.
963 2495 1018 2537 43,
1043 2494 1129 2528 4890
1149 2504 1187 2537 p.
1203 2494 1296 2537 400).

286 2611 365 2653 126)
391 2609 468 2653 agei
493 2619 563 2642 aes.
585 2625 631 2631 —-
657 2607 736 2648 127)
761 2606 839 2641 Scr.
863 2606 996 2643 adeant.
1020 2626 1065 2631 —
1099 2608 1177 2649 128)
1203 2607 1281 2641 Ser.
1297 2606 1512 2641 condendae.
1536 2626 1583 2631 —
1609 2608 1687 2650 129)
1709 2607 1881 2641 Fortasse

172 2678 242 2701 scr.
257 2667 307 2701 sei
325 2667 354 2700 is
371 2664 577 2708 (ulamma).
594 2683 640 2688 —
666 2665 746 2706 130)
763 2664 921 2697 Plebeive
935 2666 1038 2698 scito.
1054 2682 1099 2688 —
1126 2665 1204 2706 131)
1220 2663 1392 2697 Fortasse
1409 2663 1594 2697 delendum
1618 2665 1653 2697 in
1673 2663 1878 2707 (Momm-sd.

172 2743 217 2749 —
235 2725 313 2767 132)
332 2724 441 2758 Cuius
454 2722 608 2767 populus
622 2719 762 2761 fundus
777 2718 899 2760 factus
915 2722 1004 2755 erat.
1044 2719 1099 2760 Cf.
1115 2720 1331 2763 Marquardt
1344 2720 1571 2754 Staatsverw.
1589 2719 1630 2753 1²
1644 2731 1680 2763 p.
1691 2721 1739 2754 52
1756 2724 1830 2756 not.
1841 2723 1878 2756 5.

174 2780 272 2823 Quae
301 2782 462 2814 civitates
489 2777 754 2822 significentur,
785 2777 1037 2819 quaesiverunt
1061 2776 1224 2821 Savigny
1247 2787 1357 2811 verm.
1382 2777 1484 2811 Schr.
1506 2777 1543 2819 ὅ,
1564 2777 1651 2818 541,-
1685 2777 1879 2811 Mommsen

174 2836 396 2871 Stadtrechte
420 2835 481 2869 des
504 2835 566 2869 lat.
585 2834 680 2869 Gem.
696 2834 869 2877 Salpensa
885 2843 920 2866 u.
937 2831 1078 2866 Malaca
1099 2843 1136 2876 p.
1152 2835 1216 2867 409
1238 2836 1310 2867 not.
1328 2834 1393 2875 45,-
1425 2832 1555 2866 Nissen
1578 2843 1670 2868 mus.
1693 2833 1801 2868 alten.
1824 2835 1882 2876 45,

173 2892 258 2927 4890
280 2892 405 2936 phio-5.
439 2911 481 2917 —
514 2893 592 2935 133)
617 2892 694 2926 Scr.
723 2889 815 2935 quid.
846 2909 888 2915 —
922 2890 1001 2931 134)
1024 2890 1108 2923 Post
1131 2891 1224 2923 hanc
1248 2890 1360 2932 legem
1385 2893 1561 2932 rogatam.
1593 2908 1639 2914 —
1678 2891 1755 2932 135)
1785 2890 1880 2924 Haec

174 2949 348 2983 ext-taine
378 2949 471 2982 vidit
493 2950 636 2992 primus
667 2947 787 2981 editor
816 2946 1033 2980 Mazocltius.
1073 2964 1118 2971 -—
1159 2947 1236 2989 136)
1267 2946 1345 2980 Ser.
1371 2946 1561 2990 municipis.
1601 2965 1646 2971 —
1690 2948 1768 2990 137)
1799 2946 1878 2982 Ser.

174 3008 322 3039 teneant.

1546 3129 1607 3162 32·
