2092 3360
274 186 354 224 142
1015 183 1135 229 Caput
1157 182 1221 219 XI.

272 302 322 349 Q.
352 301 501 353 Aquius
531 296 792 353 Antonialnus
833 299 975 350 pontis.
1015 304 1232 351 perpetuus
1259 296 1264 352 Ι
1291 306 1537 354 (bueranium)
1571 295 1578 352 Ι
1604 310 1652 337 ex
1681 298 1983 340 vaticinatione·

273 369 423 410 Pusoni
446 367 585 407 Iuliani
615 363 865 420 archilgalli&
903 366 1136 406 Inchoatum
1165 365 1237 406 XII
1267 365 1342 406 kal.
1373 365 1476 415 Mai„
1516 364 1847 416 consumlmatum
1876 366 1981 408 vult

274 438 349 477 kal.
381 436 470 475 Mai.
500 434 545 473 L.
576 433 699 485 Eggio
731 433 896 473 Marullo
924 431 930 482 Ι
957 433 1027 474 Cn.
1049 434 1206 486 Papirio
1238 435 1399 475 Aeliano
1432 433 1543 482 cos.⁵‚
1582 441 1802 486 praeeunte
1833 435 1943 475 Aelio
1963 435 1982 484 ⁴l

275 498 500 560 c[ascrense]
533 500 772 550 sacerdote⁶‚
814 501 976 542 tibicine
1008 501 1120 541 Albio
1154 499 1161 556 Ι
1193 502 1353 542 Verino.
1380 505 1438 551 (In
1463 507 1593 540 latere.-
1629 509 1739 550 caput
1761 508 1909 549 arietie3
1943 508 1984 541 in

273 571 386 604 altero
411 569 541 601 latere:
565 567 767 611 secespita).

392 624 482 658 Tain
507 624 555 657 ad
576 622 805 667 Rhodanum,
835 625 899 657 ubi
921 623 996 664 fuit
1022 624 1145 667 Tegna
1173 626 1281 658 statio
1311 626 1392 658 viae
1417 624 1558 659 Vienna
1592 625 1794 660 Valentiam
1825 626 1986 660 ducentis

276 683 363 727 (XII
375 682 462 716 1782
487 681 582 714 vidit
604 680 836 726 Hirschfeld).
853 700 898 706 -—
925 682 958 723 1)
982 681 1102 714 Pauca
1127 680 1331 714 litterarum
1354 683 1507 725 vestigia
1532 692 1623 725 quae
1648 684 1799 725 agnosci
1815 685 1987 726 poterant

276 740 382 773 omisi
405 738 565 779 (videtur
589 738 655 771 hoc
679 738 756 771 loco
780 737 894 778 fuisse
922 748 1051 771 nomen
1074 737 1205 771 Matris
1230 739 1363 775 deum).
1399 757 1444 763 —
1480 740 1514 781 2)
1539 738 1592 779 Cl.
1616 737 1662 772 Ν.
1683 739 1769 774 4151
1789 751 1861 783 seq.
1915 740 1985 774 Pro

274 796 419 830 colonia
438 795 675 837 Lugdunensi
696 805 804 828 sacra
828 793 928 835 facta
954 805 1026 827 esse
1050 798 1084 827 et
1107 805 1128 827 a
1151 795 1397 828 sacerdotibus
1413 794 1712 838 Lugdunensibus
1735 797 1775 828 in
1794 797 1985 839 provincia

274 852 501 886 Narbonensi
524 861 598 883 non
615 850 721 893 longe
737 861 759 883 a
776 851 957 892 Valentia,
985 853 1186 885 testimonio
1205 855 1265 894 est,
1289 854 1332 884 ut
1353 851 1495 884 iudicat
1510 851 1726 895 Hirschfeld,
1750 852 1854 886 illum
1871 852 1987 886 locum

275 911 492 943 attributum
517 907 630 948 fuisse
646 907 958 950 Lugdunensibus.
982 927 1027 932 —
1053 909 1086 950 3)
1113 907 1166 948 Cf.
1190 907 1236 943 N.
1252 909 1342 943 4152
1367 911 1442 942 not.
1459 910 1493 942 5.
1519 927 1561 932 -
1585 909 1620 951 4)
1643 908 1740 942 Idem
1763 909 1988 952 archigallus

277 969 330 999 est
352 967 392 998 in
417 965 524 998 titulo
549 964 786 1007 Lugdunensi
808 963 911 1004 infra
936 964 981 998 N.
997 964 1099 999 4452.
1123 984 1168 990 -
1193 966 1226 1008 5)
1248 966 1391 1000 20—25
1403 966 1493 1008 Apr.
1517 965 1590 999 184.
1614 984 1661 989 —
1684 966 1718 1007 6)
1742 965 1839 998 Idem
1862 965 1988 999 Aelius

278 1023 476 1056 Castrensis
501 1024 552 1054 est
575 1023 615 1054 in
639 1022 755 1054 titulis
778 1021 1081 1064 Lugdunensibus
1103 1020 1207 1061 infra
1231 1021 1276 1055 N.
1287 1023 1390 1056 4152.
1406 1023 1509 1056 4155.

389 1113 500 1160 4131
549 1114 772 1155 taurobolio
794 1115 927 1155 Matris
957 1115 993 1154 d.
1013 1128 1066 1155 m.
1089 1115 1158 1163 ld„
1185 1114 1192 1170 Ι
1220 1116 1326 1167 quod
1346 1116 1492 1156 factum
1514 1122 1574 1156 est
1597 1128 1644 1155 ex
1665 1115 1832 1167 imperio
1853 1113 1989 1155 Matris
2053 1109 2059 1115 ⁶

275 1185 327 1224 d.¹
356 1181 363 1239 Ι
390 1183 520 1232 deum,
549 1181 554 1236 Ι
581 1196 655 1236 pro
685 1183 810 1223 salute
840 1183 1091 1235 imperatoris
1122 1183 1230 1225 Caes.
1255 1185 1301 1224 T.
1322 1184 1405 1224 Aeli
1431 1182 1438 1239 Ι
1466 1184 1653 1224 Hadriani
1675 1183 1868 1224 Antonini
1889 1185 1989 1236 Aug.

277 1253 337 1292 Pii
367 1265 407 1304 p.
437 1265 477 1305 p.
505 1249 511 1307 Ι
538 1251 835 1303 liberorumque
866 1251 964 1300 eius,
993 1249 999 1306 Ι
1026 1258 1065 1292 et
1094 1258 1218 1292 status
1249 1252 1428 1292 coloniae
1449 1252 1674 1305 Lugudun.‚
1703 1250 1709 1307 Ι
1736 1252 1779 1292 L.
1802 1251 1990 1292 Aemilius

278 1321 430 1374 Carpus
459 1320 629 1360 lIllllvir
658 1320 771 1372 Aug„
811 1319 904 1359 item
940 1321 946 1370 Ι
982 1319 1296 1373 dendmphmus,
1323 1319 1330 1374 Ι
1359 1319 1484 1374 (caput
1506 1329 1619 1375 bovis)
1648 1317 1654 1374 Ι
1679 1320 1783 1361 vires
1813 1318 1992 1372 excepit²

278 1397 317 1431 et
347 1403 368 1430 a
399 1388 612 1429 Vaticano³
641 1385 867 1442 transitulit‚
905 1400 972 1427 ara
1003 1394 1043 1428 et
1071 1387 1304 1428 bucranium
1333 1384 1338 1442 Ι
1365 1400 1437 1428 suo
1474 1388 1664 1440 inpendio
1695 1387 1950 1436 consecravit,
1982 1385 1988 1440 Ι

278 1459 483 1498 sacerdote
511 1455 516 1511 Ι
544 1457 591 1504 Q.
614 1456 787 1496 Sammio
809 1455 995 1496 Secundo
1016 1456 1064 1496 ah
1087 1456 1245 1496 XVviris
1271 1453 1278 1509 Ι
1306 1455 1453 1495 oceaho
1485 1461 1524 1496 et
1553 1468 1704 1496 corona
1733 1455 1960 1504 exornato⁴‚
1982 1454 1989 1504 Ι

280 1527 344 1567 cui
365 1525 637 1567 sanctissimus
659 1524 755 1564 ordo
773 1523 1060 1576 Lugudunens.
1080 1521 1086 1579 Ι
1103 1524 1409 1577 perpetuitatem
1432 1524 1626 1564 sacerdoti
1646 1523 1830 1573 decrevit,
1858 1521 1864 1577 Ι
1890 1523 1990 1576 App.

279 1595 412 1634 Annio
435 1594 551 1634 Atilio
574 1593 740 1641 Bradua,
762 1591 806 1631 Τ.
824 1591 933 1632 Clod.
951 1591 1063 1632 Vibio
1092 1592 1097 1647 Ι
1124 1593 1225 1632 Varo
1248 1592 1345 1633 cosst‘³
1370 1590 1376 1647 Ι
1404 1592 1448 1632 L.
1470 1592 1507 1632 d.
1524 1592 1562 1632 d.
1579 1592 1616 1632 d.
1641 1602 1701 1644 (In
1717 1602 1846 1636 dextro
1863 1602 1991 1644 latere)
2065 1580 2068 1583 Δ

281 1662 402 1703 Cuius
439 1661 727 1714 mesonyctium
769 1657 774 1714 Ι
815 1660 961 1700 sactum
993 1667 1052 1701 est
1081 1670 1191 1715 (ensis
1215 1669 1396 1713 humatus)
1428 1660 1460 1699 V
1491 1660 1542 1700 id.
1576 1660 1669 1700 Dec.
1701 1669 1759 1715 (Jn
1776 1671 1995 1705 sindana.-

282 1732 390 1773 caput
412 1726 564 1773 am‘etis.)

397 1785 569 1828 Lugduni
586 1783 691 1829 (XIII
703 1783 784 1817 1751
811 1784 903 1816 vidit
920 1783 1150 1828 Hirschfeld).
1168 1803 1212 1808 —
1241 1785 1272 1826 1)
1295 1783 1330 1817 d.
1346 1793 1472 1816 errore
1488 1783 1626 1818 addita.
1645 1802 1687 1807 —
1715 1785 1748 1824 2)
1767 1783 1821 1825 Cf.
1835 1783 1882 1819 Ν.
1896 1784 1994 1819 4127.

282 1861 326 1867 -
351 1843 385 1884 3)
413 1841 519 1875 Collis
544 1840 742 1875 Vaticanus
771 1841 873 1873 urbis
902 1839 1049 1883 Romae,
1079 1841 1144 1874 ubi
1175 1844 1268 1873 certe
1298 1842 1415 1872 aetate
1446 1839 1585 1872 labente
1608 1842 1847 1883 praecipuam
1879 1842 1995 1875 sedem

284 1900 412 1932 horum
436 1908 623 1931 sacrorum
646 1898 686 1930 in
702 1897 789 1929 urbe
805 1895 916 1930 Roma
939 1896 1053 1937 fuisse
1077 1898 1205 1931 docent
1227 1897 1328 1929 tituli
1350 1894 1453 1935 infra
1469 1895 1513 1930 N.
1529 1896 1625 1930 4145.
1640 1896 1799 1940 4147389.
1816 1915 1860 1922 -—
1880 1899 1915 1940 4)
1941 1895 1995 1936 Ol:

283 1954 328 1989 N.
341 1955 436 1988 4175.
469 1954 680 1988 Sacerdotes
696 1953 1043 1996 quindecimvir-ales,
1067 1957 1110 1986 ut
1122 1954 1332 1997 plerumque
1349 1952 1572 1995 dicebantur,
1598 1954 1704 1986 habes
1720 1954 1829 1986 etiam
1843 1952 1890 1988 N.
1900 1953 1996 1988 4140.

283 2013 379 2046 4484.
404 2011 502 2046 4485.
525 2031 570 2036 —
596 2012 629 2053 5)
652 2012 695 2044 A.
720 2011 793 2044 460.

399 2090 515 2136 4132
554 2090 601 2132 JJ
617 2090 632 2131 J
650 2090 665 2131 J
682 2090 696 2131 J
714 2090 729 2131 J
746 2090 761 2131 J
778 2090 794 2131 J
811 2089 826 2131 J
840 2090 855 2131 J
873 2090 887 2131 J
904 2090 920 2131 J
947 2093 953 2143 Ι
980 2089 995 2131 ,Ι
1012 2089 1026 2131 J
1042 2089 1058 2130 J
1073 2088 1089 2130 J
1106 2089 1120 2130 J
1137 2089 1152 2131 J
1169 2089 1184 2130 J
1201 2089 1216 2131 J
1233 2088 1280 2132 JJ
1295 2089 1332 2131 J¹
1361 2087 1366 2144 Ι
1395 2089 1591 2131 numinih.
1621 2091 1720 2143 Aug.
1755 2090 1957 2143 totiusque
1987 2090 1996 2143 Ι

287 2161 429 2200 domus
466 2160 619 2200 divinae
660 2165 699 2198 et
733 2159 837 2199 situ²
872 2172 906 2199 c.
939 2159 981 2199 C.
1013 2158 1054 2199 C.
1088 2159 1095 2209 Ι
1130 2158 1228 2210 Aug.
1270 2158 1436 2211 Lugud.a
1470 2157 1476 2213 Ι
1510 2158 1764 2199 tauribolium
1805 2155 1998 2205 fecelrunt

286 2228 555 2280 dendrophori
584 2225 589 2282 Ι
616 2227 828 2278 Luguduni
850 2226 1127 2273 consistentes,
1154 2227 1161 2276 Ι
1187 2226 1253 2266 XV
1269 2226 1345 2266 kal.
1363 2226 1480 2268 Iulias
1507 2225 1512 2281 Ι
1539 2227 1650 2280 imp.⁴
1669 2226 1680 2258 Ι
1700 2225 1712 2257 Ι
1732 2225 1743 2257 Ι
1764 2225 1775 2257 Ι
1795 2225 1807 2257 Ι
1827 2225 1838 2257 Ι
1858 2225 1870 2257 Ι
1890 2225 1901 2257 Ι
1922 2225 1934 2257 Ι
1953 2225 1965 2257 Ι
1985 2224 1997 2257 Ι

1664 2259 1988 2268 ···········

286 2295 301 2337 J
318 2295 334 2337 J
350 2294 366 2337 J
382 2295 397 2337 J
413 2294 429 2337 J
445 2294 460 2336 J
477 2294 492 2336 J
508 2294 523 2336 J
539 2294 555 2336 J
571 2294 587 2335 J
602 2294 618 2336 J
634 2294 649 2336 J
677 2293 682 2350 Ι
709 2294 840 2335 Marco
863 2297 962 2336 Sura
979 2291 1222 2347 Septimiano
1250 2292 1255 2350 Ι
1283 2296 1391 2343 cos.⁴‚
1423 2307 1470 2335 ex
1490 2294 1790 2335 vaticinatione⁶
1815 2293 1822 2349 Ι
1847 2294 1998 2336 Pusoni
2070 2282 2073 2285 ¹

287 2364 428 2404 Iuliani
459 2361 705 2418 arcliilgalli⁶‚
745 2363 950 2404 sacerdote
976 2361 982 2416 Ι
1008 2362 1118 2402 Aelio
1151 2361 1395 2412 Castrense⁶‚
1423 2360 1429 2418 Ι
1463 2362 1625 2403 tibicine
1656 2362 1959 2404 F1.Restituto.⁷
1988 2361 1995 2416 Ι

288 2433 443 2472 Honori
463 2432 665 2472 omnium⁸
692 2430 697 2487 Ι
725 2431 780 2472 Cl.
799 2432 979 2472 Silvanus
999 2436 1216 2484 perpetuus
1243 2429 1249 2486 Ι
1276 2431 1586 2483 quinquennalis
1614 2430 1859 2484 inpenldium
1881 2430 1998 2471 huius

288 2513 378 2540 arae
408 2501 572 2541 remisit.
601 2498 607 2554 Ι
633 2501 674 2544 L.
709 2501 746 2540 d.
777 2501 814 2540 d.
846 2500 883 2539 d.
916 2509 975 2553 (In
999 2509 1131 2542 latere.-
1155 2512 1267 2552 caput
1291 2510 1390 2543 bovis
1412 2507 1631 2551 infulatum‚·
1665 2510 1705 2542 in
1728 2509 1845 2542 altero
1869 2509 1998 2542 latere.-

290 2570 400 2611 caput
423 2569 557 2608 arietis,
583 2569 676 2600 ensis
698 2566 890 2611 hamulus.)

404 2623 577 2666 Lugduni
603 2623 709 2667 (XIII
729 2624 817 2658 1752
849 2623 941 2656 vidit
964 2621 1198 2665 Hirschfeld).
1232 2641 1276 2647 -
1313 2623 1345 2665 1)
1367 2622 1485 2655 Erasa
1511 2620 1694 2655 Commodi
1723 2621 1873 2654 nomina
1901 2621 1999 2662 (cum

290 2679 450 2721 formula
480 2690 542 2723 pro
575 2680 716 2723 salute).
750 2698 795 2704 —
833 2680 866 2722 2)
896 2679 1159 2723 Expectaveris
1189 2681 1293 2713 statu.
1328 2697 1370 2703 -—
1406 2679 1442 2721 3)
1468 2678 1636 2712 Coloniae
1665 2677 1796 2721 Copiae
1827 2677 2000 2711 Claudiae

291 2738 476 2779 Augustae
493 2736 699 2780 Luguduni.
717 2754 760 2760 —
785 2736 821 2778 4)
844 2735 968 2777 Erasa
979 2737 1125 2769 nomina
1145 2734 1336 2777 Commodi,
1361 2736 1426 2778 qui
1440 2738 1582 2768 seatium
1599 2734 1725 2768 consul
1738 2732 1865 2774 fuerat
1878 2733 2000 2776 adm,

291 2793 418 2826 deinde
441 2795 481 2826 in
504 2794 617 2837 spatii
640 2794 746 2826 vacui
767 2794 908 2836 partem
929 2795 1147 2835 postremam
1170 2793 1350 2824 intrusum
1375 2789 1489 2825 Marco
1514 2790 1617 2834 Sura,
1649 2801 1728 2824 cum
1752 2793 1859 2824 antea
1883 2789 2000 2834 Septi-

291 2851 435 2882 mianus
457 2851 523 2883 hoc
546 2849 620 2883 solo
645 2851 789 2883 nomine
813 2849 1013 2893 appellatus
1035 2851 1134 2882 esset.
1157 2867 1202 2873 —
1227 2848 1260 2888 5)
1278 2841 1355 2880 ‘Ex
1376 2848 1637 2880 vaticinatione
1659 2839 1872 2890 archigalli'
1893 2855 2000 2889 sacra

294 2907 401 2938 huius
421 2908 565 2948 generis
586 2907 853 2949 peragebantur
876 2908 984 2939 eiiam
1007 2907 1048 2938 in
1071 2906 1182 2938 Portu
1197 2902 1357 2937 Romano
1382 2902 1449 2947 (fr.
1466 2903 1499 2938 V
1500 2906 1549 2939 at.
1565 2903 1645 2947 148)
1670 2907 1706 2936 et
1728 2903 1852 2937 Milevi
1866 2905 1907 2936 in
1921 2900 1999 2936 Nu-

281 2962 405 2995 -midia
432 2962 548 3006 (infra
573 2962 617 2997 N.
634 2963 737 3005 4156)
771 2965 805 2995 et
827 2964 904 2995 sine
934 2962 1041 2996 dubio
1071 2961 1171 2995 alibi.
1208 2979 1252 2985 —
1290 2961 1322 3002 6)
1348 2958 1404 3000 Cf.
1427 2958 1472 2995 Ν
1495 2959 1583 2994 4150
1607 2962 1683 2996 not.
1698 2961 1730 2994 6.
1765 2978 1811 2985 —-
1846 2960 1879 3002 ⁵1)
1903 2958 2000 2992 Idem

296 3019 426 3051 tibicen
452 3022 503 3051 est
526 3017 572 3052 N.
588 3018 690 3054 4155.
712 3019 808 3053 4154.
835 3038 878 3043 -
903 3019 938 3060 8)
965 3018 1145 3059 Omnium,
1175 3019 1261 3084 puto
1287 3016 1593 3060 dendrophorum,
1625 3025 1778 3059 quorum
1802 3017 2001 3059 quinquen-

294 3073 391 3107 nalis
414 3074 555 3107 videtur
578 3075 691 3114 fuisse
716 3075 885 3108 Claudius
911 3075 1088 3108 Silvanus.
