2092 3360
478 170 593 207 Tituli
616 169 868 216 municipales.
885 190 931 196 -
953 170 1033 207 Lex
1048 169 1237 216 municipii
1253 169 1481 207 Malacitani.
1760 171 1843 209 525

186 287 234 331 R.
289 287 353 327 De
384 286 770 327 constituendis
801 286 1034 340 patronis
1064 299 1263 334 causae,
1295 299 1398 328 cum
1431 287 1436 342 Ι
1470 287 1698 328 rationes
1730 288 1844 328 red-

283 353 518 408 dentum!

247 435 417 476 LXVIII.
459 435 558 476 Cum
579 435 629 475 ita
652 435 826 476 rationes
856 434 1086 484 reddentur,
1118 435 1225 485 uvir,
1261 435 1328 488 qui
1359 435 1611 486 decuriolnes
1641 436 1847 490 conscrip-

130 510 240 545 tosve
259 502 434 553 habebit,
460 503 507 544 ad
530 503 767 544 decuriones
793 500 800 558 Ι
827 503 1124 556 conscriptosve
1146 504 1308 552 referto,
1337 516 1438 556 quos
1458 504 1610 556 placeat
1631 501 1846 560 publilcam

131 584 291 613 causam
321 584 452 625 agere,
492 571 599 624 iique
630 571 868 612 decuriones
897 568 1179 627 conlscriptive
1209 585 1282 625 per
1311 572 1491 613 tabellam
1524 572 1639 613 iurati
1678 573 1716 613 d.
1748 585 1784 613 e.
1814 585 1847 613 r.

132 637 411 696 decerlnuntm
451 646 537 680 tum
567 652 659 680 cum
689 652 828 680 eorum
858 645 991 693 partes
1021 652 1103 680 non
1135 641 1266 681 minus
1291 639 1298 695 1
1327 653 1444 694 quam
1475 641 1575 681 duae
1605 642 1744 682 tertiae
1778 642 1850 682 ad·—

132 716 264 758 erunt‚
294 709 348 749 ita
378 714 423 749 ut
451 715 545 758 tres,
577 707 694 763 qulos
725 708 884 762 plurimi
914 720 988 761 per
1006 707 1190 749 tabellam
1220 709 1402 762 legerint,
1433 722 1590 750 causam
1618 709 1624 763 Ι
1651 710 1849 763 publicam

133 784 264 832 agant,
305 778 412 830 iique
443 777 509 830 qui
540 777 593 817 ita
623 777 714 817 lecti
745 783 866 818 erunt
895 773 1068 832 temlpus
1098 790 1118 817 a
1150 778 1434 819 decurionibus
1467 778 1733 831 conscriptive
1751 784 1849 827 (sic),

134 858 214 898 quo
246 842 418 900 cauflsam
449 851 696 899 cognoscant
734 845 1011 897 actionemque
1042 857 1152 885 suam
1183 842 1404 900 orffdinent‚
1444 846 1684 900 postulanto‚
1724 859 1851 899 eoque

133 921 315 969 tempore
337 913 443 966 quod
466 914 498 954 is
525 915 531 964 Ι
557 914 690 954 datum
713 914 789 954 erit
809 920 1021 962 transacto,
1043 925 1129 953 eam
1151 926 1309 955 causam
1333 915 1390 955 uti
1411 915 1516 968 quod
1543 913 1550 968 Ι
1577 922 1684 956 recte
1704 916 1850 956 factum

134 996 221 1025 esse
252 983 356 1023 volet
386 988 546 1036 agunto.
574 982 580 1036 ί

191 1097 241 1137 R.
293 1097 358 1137 De
389 1097 586 1137 iudicio
616 1096 866 1149 pecuniae
897 1096 1190 1137 communis.
1217 1095 1224 1150 Ι

252 1175 386 1217 LXIX.
447 1176 562 1224 Quod
593 1189 644 1219 m.
678 1176 764 1215 m.⁵⁰
793 1175 899 1215 Flavi
929 1175 1149 1217 Malacitani
1192 1177 1354 1217 nomine
1395 1174 1568 1233 peltetur
1602 1176 1651 1217 ab
1683 1190 1743 1226 eo,
1786 1178 1854 1230 qui

136 1247 222 1287 eius
252 1245 444 1298 municipi
474 1243 749 1301 municilpes⁵¹
788 1244 967 1285 incolave
998 1245 1090 1294 erit,
1131 1246 1286 1298 quodve
1322 1258 1413 1286 cum
1444 1258 1491 1286 eo
1522 1252 1661 1298 agetur
1699 1245 1706 1300 Ι
1749 1246 1855 1299 quod

136 1315 264 1369 pluris
294 1314 359 1354 HS
382 1313 445 1354 clo
475 1313 526 1354 sit
555 1326 688 1366 neque
718 1313 818 1353 tanti
849 1313 913 1362 sit,
953 1319 997 1353 ut
1033 1312 1047 1367 ΙΙ
1086 1310 1145 1370 [de
1174 1328 1218 1355 ea
1253 1327 1295 1355 re
1328 1314 1597 1368 proconsulem
1635 1317 1698 1355 ius
1736 1315 1857 1356 dicere

138 1384 357 1436 iudiciaque
386 1383 478 1423 dare
507 1394 558 1423 em
586 1381 656 1423 hac
686 1381 764 1434 leqe
792 1388 991 1435 oporteat:
1025 1383 1069 1422 de
1099 1395 1144 1424 ea
1172 1395 1215 1423 re
1243 1382 1351 1423 IIvir
1377 1382 1651 1437 praefectusve,
1684 1386 1754 1437 qui
1771 1386 1857 1424 iure

138 1452 302 1494 dicundo
331 1453 502 1505 praeerit
531 1453 614 1491 eius
641 1452 866 1504 municipii,
894 1451 946 1492 ad
977 1464 1087 1504 quem
1118 1453 1162 1493 de
1191 1465 1235 1493 ea
1264 1464 1307 1492 re
1337 1454 1380 1492 in
1410 1455 1473 1493 ius
1492 1452 1641 1493 aditum
1670 1455 1765 1499 erit,
1795 1455 1857 1494 ius

138 1521 254 1561 dicito
284 1519 505 1572 iudiciaque
529 1519 616 1559 dato
647 1549 656 1558 .
679 1549 690 1559 .
713 1549 722 1559 .
744 1549 755 1559 .

258 1619 397 1654 Tabula
427 1630 558 1662 aenea,
593 1630 669 1663 rep.
698 1630 772 1653 una
805 1630 886 1654 cum
918 1631 961 1653 ea
990 1631 1082 1663 quae
1106 1621 1294 1664 praeeedit
1323 1630 1437 1664 prope
1459 1620 1638 1653 Malacam
1661 1621 1859 1664 Hispaniae

141 1689 174 1713 a.
199 1676 298 1718 1851,
329 1677 392 1710 diu
423 1677 635 1710 servabatur
664 1676 828 1710 Malacae
859 1678 958 1721 apud
984 1678 1230 1711 marchionem
1262 1677 1414 1721 Lot-ing,
1449 1688 1565 1721 nuper
1595 1677 1775 1710 translata
1807 1680 1860 1711 ost

142 1736 233 1776 (una
259 1744 339 1768 cum
363 1732 408 1767 N.
432 1734 520 1768 6088
551 1736 587 1766 et
617 1743 698 1766 cum
722 1733 812 1777 legis
836 1733 882 1769 Ν.
905 1734 994 1769 6087
1021 1738 1129 1778 parte
1148 1736 1368 1778 posteriore)
1398 1734 1588 1768 Matr-itum
1621 1733 1674 1777 (11
1695 1735 1780 1768 4964
1810 1733 1859 1774 cf.

136 1803 176 1836 p.
199 1792 266 1826 878
297 1791 412 1824 edidit
438 1792 580 1834 primus
611 1790 795 1834 Ber-langa
820 1803 854 1826 a.
878 1791 980 1833 4855,
1016 1791 1216 1825 illustravit
1246 1790 1442 1825 Mommsen
1471 1802 1546 1824 una
1577 1800 1657 1823 cum
1681 1790 1727 1825 Ν.
1742 1792 1860 1833 6088).

139 1849 321 1892 Imagines
343 1849 535 1890 utriusque
559 1847 702 1881 tabulae
736 1850 869 1891 optime
892 1846 1013 1888 saclas
1037 1847 1153 1881 edidit
1173 1847 1358 1890 Ber-langa
1379 1842 1643 1881 ‘monumenlos
1670 1847 1862 1881 historicos

139 1898 400 1939 Malacitanos’
426 1903 573 1945 (Malae.
597 1904 712 1949 4864).
760 1904 966 1948 Specimina
992 1907 1132 1938 tantum
1155 1906 1359 1948 scripturae
1388 1904 1481 1938 edid.
1506 1905 1673 1938 Huebner
1694 1905 1766 1938 Ex.
1789 1915 1859 1939 scr.

140 1964 257 2006 epigr.
280 1972 317 1995 n.
338 1962 414 1994 807.
444 1962 524 1996 808.
559 1980 605 1985 —
644 1961 735 1994 Pars
767 1965 818 1994 est
850 1961 939 2003 legis
961 1960 1125 1994 Malacae
1155 1963 1230 1994 sive
1259 1963 1458 2005 municipio
1482 1961 1613 1995 Flavio
1637 1961 1860 1995 Malacitana

140 2018 237 2064 (cap.
267 2016 360 2052 LXI.
396 2016 506 2051 LXII.
543 2016 661 2051 LXIV
672 2018 760 2062 seq.)
798 2017 904 2051 datae
938 2018 1059 2051 eodem
1093 2020 1172 2051 sine
1205 2018 1314 2051 dubio
1351 2021 1524 2062 tempore,
1561 2028 1630 2061 quo
1669 2018 1862 2062 Salpensae

141 2075 229 2109 data
260 2077 314 2107 est
345 2074 405 2107 lea:
435 2072 481 2107 Ν.
501 2074 600 2107 6088.
648 2074 817 2107 Esar-ata
844 2085 916 2107 esse
940 2074 1084 2107 videtur
1111 2075 1199 2108 haec
1227 2075 1350 2108 tabula
1380 2075 1456 2108 alia
1484 2085 1595 2108 manu
1626 2086 1670 2109 ac
1691 2074 1738 2109 Ν.
1761 2077 1860 2116 6088,

142 2133 348 2166 litterarum
374 2133 468 2164 certe
491 2127 612 2169 forma
642 2140 716 2163 non
740 2131 863 2163 eadem
887 2133 937 2163 est
965 2131 1029 2164 sed
1056 2132 1115 2164 hic
1142 2131 1219 2165 illic
1250 2131 1393 2165 diversa
1425 2131 1492 2177 (cf.
1515 2133 1682 2165 Huebner·
1706 2132 1743 2166 C.
1766 2132 1795 2167 1.
1819 2131 1861 2166 L.

142 2188 183 2222 ΙΙ
201 2199 237 2232 p.
253 2186 358 2231 25911)
366 2199 382 2230 ;
417 2196 482 2219 nee
506 2188 624 2219 lamen
647 2187 722 2220 ulla
746 2197 856 2220 causa
880 2190 932 2220 est
962 2189 1005 2220 ut
1027 2188 1083 2221 vel
1105 2189 1199 2221 hanc
1223 2188 1279 2221 vel
1300 2188 1402 2222 illam
1426 2190 1579 2222 incisam
1602 2200 1675 2222 esse
1693 2191 1861 2232 putemus

142 2247 225 2289 post
246 2247 406 2287 tempora
430 2242 650 2284 Domitiani,
674 2244 778 2276 cuius
801 2246 914 2277 aetati
935 2247 1093 2288 utraque
1114 2247 1300 2289 scriptura
1325 2246 1456 2289 optime
1480 2247 1655 2280 convenit.

259 2300 429 2334 Aliarum
453 2300 608 2333 duarum
632 2300 752 2343 legum
775 2301 1050 2344 municipalium
1074 2302 1270 2346 Hispaniae
1299 2301 1462 2342 frustula
1493 2313 1609 2346 nuper
1627 2302 1860 2346 prodierunt,

144 2357 208 2391 sed
228 2358 486 2399 niinulissima,
517 2367 670 2400 quorum
699 2357 853 2390 alterum
883 2359 1028 2391 videtur
1057 2362 1228 2392 accurate
1259 2359 1478 2403 respondere
1506 2359 1595 2402 legis
1618 2358 1861 2394 Malacitanae

146 2424 225 2458 cap.
240 2413 379 2448 LXVII
401 2413 507 2457 (Epa.
533 2424 586 2457 ep.
609 2416 642 2456 9,
666 2414 766 2455 262).

262 2576 320 2617 50)
344 2574 566 2618 Municipum
590 2574 790 2616 municipii.
815 2591 860 2597 -
885 2574 940 2614 51)
966 2573 1044 2607 Scr.
1068 2573 1256 2618 municeps.
