2092 3360
270 163 352 201 624
991 158 1111 203 Caput
1133 157 1252 193 XIIII.

383 274 496 321 6574
545 305 783 316 .........
807 274 855 320 Q.
876 274 903 313 f.
931 272 937 328 Ι
966 304 1091 314 .....
1121 278 1291 325 patrono
1318 271 1324 327 Ι
1360 268 1621 328 [alequi-iones
1650 272 1822 325 publice,
1848 270 1855 327 Ι
1890 268 1981 329 [cui]

271 346 399 399 primo
431 344 553 396 equiti
584 343 763 382 Romano
790 339 796 395 Ι
824 337 946 397 [po]st
975 341 1173 381 coloniam
1203 340 1410 380 deductam
1439 339 1446 394 Ι
1473 339 1735 381 decurionum
1766 340 1949 382 consulto
1975 337 1983 396 Ι

272 413 586 462 colonorumque
615 409 816 449 voluntate
843 408 849 461 Ι
875 409 1141 461 patrocinium
1172 408 1345 448 delatum
1377 413 1448 448 est.

384 478 540 510 Auximi
564 475 631 520 (IX
651 477 742 509 5856
764 475 857 508 vidit
879 474 1104 519 Mommsen).

384 535 487 567 Alios
511 533 634 566 titulos
658 533 872 565 Auoeimatee
895 532 978 565 dedi
999 542 1111 575 supra
1134 531 1181 565 Ν.
1196 530 1272 566 877.
1294 532 1373 565 926.
1397 531 1495 565 4059.
1518 531 1614 566 4445.
1637 531 1737 566 2084.
1760 532 1864 566 2085.
1884 531 1988 568 3775.

270 592 366 625 5064.
388 592 485 624 6048.

386 680 499 726 6575
559 713 736 723 ......
765 679 770 735 Ι
798 681 954 721 colonia
980 680 987 730 Ι
1014 680 1148 720 Helvia
1179 680 1318 720 Ricina
1344 679 1351 734 Ι
1380 680 1563 719 Pertinax
1574 680 1596 723 ¹,

387 750 502 792 Pmpe
525 749 746 782 Maceratam
777 758 871 791 rep.,
906 749 1003 781 inter
1025 748 1161 780 rudera
1185 746 1332 780 Ricinae
1369 746 1436 791 (IX
1457 746 1546 781 5755
1580 748 1673 780 vidit
1698 745 1920 792 Mommsen).
1943 765 1988 772 —

278 807 312 849 1)
343 805 426 839 Non
458 806 573 839 solum
602 806 842 846 Pertinacem,
877 805 942 838 sed
975 804 1146 838 Severum
1181 815 1320 848 quoque
1355 807 1397 837 ut
1432 803 1652 838 conditorem
1687 816 1709 838 a
1743 802 1991 838 Ricinensibm

276 862 410 895 cultum
434 874 506 895 esse
530 862 686 896 ostendit
709 861 835 895 titulus
861 861 911 895 IX
930 861 1026 895 5747.

392 918 460 952 Res
485 919 624 963 publica
648 917 822 953 Ricinens.
846 929 958 962 supra
983 918 1028 952 Ν.
1044 918 1143 953 5675.
1189 917 1250 950 Ad
1272 917 1419 951 eandem
1441 919 1600 961 pertinet
1621 917 1666 952 Ν.
1683 918 1781 953 2687.

993 1067 1267 1074 ..——..—.—

1030 1193 1238 1242 Etruria.

394 1282 507 1328 6576
688 1293 767 1338 (sub
791 1296 878 1337 pino
1085 1295 1233 1336 (mulier
1255 1295 1295 1327 in
1320 1295 1449 1327 throno
1585 1295 1708 1334 (homo
1733 1294 1904 1327 barbatus

623 1352 683 1384 vir
705 1352 825 1384 nudus
847 1354 949 1384 stans
1115 1352 1250 1392 sedens,
1276 1351 1405 1384 deoetra
1626 1351 1775 1394 velatus,
1797 1352 1865 1385 sin.

585 1409 654 1442 sin.
678 1418 816 1440 remum
841 1407 977 1453 tenens)
1129 1419 1229 1441 avem
1255 1407 1392 1450 tenens)
1588 1407 1752 1440 volumen
1776 1407 1914 1452 tenens)

368 1497 607 1508 .........
638 1466 928 1507 Vetulonenses
1120 1464 1387 1522 V[ol]centani
1590 1466 1901 1518 Tarquinienses

399 1542 508 1576 Caere
531 1553 606 1585 rep.
632 1553 665 1577 a.
682 1543 778 1581 4840,
804 1543 928 1575 tabula
953 1553 1154 1576 marmorea
1179 1542 1400 1586 anaglyphis
1424 1545 1566 1584 ornata,
1591 1544 1643 1574 est
1658 1540 1790 1575 Romae
1813 1542 1853 1574 in
1875 1551 1996 1575 museo

286 1599 522 1633 Lateranensi
540 1599 611 1643 (XI
622 1600 711 1634 5609
736 1599 968 1633 contulerunt
985 1599 1168 1632 Bor-mann
1191 1602 1226 1631 et
1249 1599 1289 1632 Ε.
1305 1598 1437 1642 Loewy
1446 1611 1460 1639 ,·
1482 1601 1604 1642 imago
1622 1602 1673 1631 est
1689 1599 1783 1632 Ann.
1794 1599 1880 1631 inst.
1894 1598 1996 1633 arch.

284 1656 372 1689 4842
405 1657 474 1690 tab.
501 1656 546 1697 C,·
582 1655 630 1696 εί.
654 1655 851 1696 Benndors'
877 1659 914 1689 et
937 1656 1095 1689 Sehoene
1123 1659 1198 1689 ant.
1222 1655 1426 1689 Bildwerlce
1450 1656 1510 1688 des
1534 1655 1597 1689 lat.
1614 1655 1704 1689 Mus.
1726 1655 1842 1698 pul-30
1858 1655 1998 1696 nan,—

285 1723 349 1755 ego
375 1723 514 1756 quoque
542 1713 646 1755 vidi).
694 1713 862 1757 Superest
891 1724 938 1746 ex
967 1715 1193 1746 monumento
1223 1723 1294 1755 quo
1325 1712 1514 1745 duodecim
1543 1713 1617 1745 sive
1640 1713 1764 1755 potius
1794 1712 1998 1755 quindecim

280 1769 410 1812 populi
424 1769 598 1802 Etruriae
623 1768 688 1815 (ef.
704 1767 752 1804 N.
768 1770 862 1804 6444.
885 1769 971 1804 6643
995 1780 1074 1802 eum
1098 1768 1190 1814 not.)
1214 1770 1476 1813 repraesentati
1497 1772 1612 1802 erant.
1653 1763 1825 1811 ‘Populos
1847 1778 1929 1802 eum
1951 1779 1999 1802 σω

288 1825 414 1858 ordine
439 1826 646 1859 litterarum
670 1827 860 1869 dispositos
886 1837 957 1858 esse
981 1829 1165 1869 appareat,
1189 1836 1328 1859 neeesse
1351 1826 1495 1859 videtur
1517 1827 1558 1858 in
1581 1826 1731 1858 sinistra
1752 1828 1858 1869 parte
1884 1825 2000 1860 Volsi-

285 1884 463 1915 niensium
487 1886 521 1914 et
546 1882 869 1915 Volaterranorum
893 1884 1038 1915 nomina
1060 1876 1248 1925 periissse’
1270 1883 1391 1916 Borm.

399 1982 514 2028 6577
574 1985 613 2027 C.
646 1984 790 2024 Manlio
830 1984 871 2024 C.
903 1986 926 2027 f.
962 1997 1066 2027 cens,
1101 1991 1276 2037 perpet.‚
1318 1982 1324 2040 Ι
1366 1984 1530 2024 clientes
1565 1989 1734 2036 patrono
1765 1993 2000 2039 (sacrificium

289 2049 415 2095 tauri).
463 2051 521 2090 (In
545 2055 698 2093 utroque
722 2051 855 2083 latere:
890 2052 986 2083 inter
1009 2051 1101 2084 duas
1135 2052 1256 2084 lauros
1282 2061 1377 2094 puer
1404 2051 1534 2084 deoetra
1557 2051 1712 2094 rhyton,
1745 2052 1815 2085 sin.
1832 2053 2001 2094 pateram

289 2109 420 2140 tenens.
478 2108 520 2140 In
554 2109 693 2150 postica
728 2108 858 2141 mulier
891 2109 1019 2140 vestita
1053 2108 1178 2141 sedens
1212 2109 1253 2140 in
1287 2109 1418 2141 throno
1452 2110 1616 2151 pateram
1656 2109 1692 2139 et
1726 2117 1840 2140 cornu
1875 2108 2001 2150 copiae

289 2165 435 2205 tenens).

398 2219 506 2252 Caere
534 2230 626 2263 rep.‚
658 2223 711 2253 est
732 2211 875 2255 'Romae
903 2223 944 2255 in
973 2232 1093 2254 museo
1124 2221 1362 2254 Laterani-nsi
1397 2220 1474 2264 (XI
1499 2221 1587 2255 5646
1618 2220 1788 2253 viderunt
1817 2219 2002 2253 Bor-mann

289 2275 452 2319 aliique).

405 2363 521 2410 6578
570 2367 620 2407 Μ.
643 2367 810 2408 Manlius
833 2368 873 2408 C.
897 2369 923 2407 f.
950 2366 957 2416 Ι
984 2367 1131 2406 Pollio¹
1160 2363 1165 2420 Ι
1191 2372 1240 2406 tr.
1271 2366 1350 2406 mil.
1378 2363 1385 2420 Ι
1413 2377 1434 2404 a
1464 2364 1627 2417 populo,
1660 2362 1666 2419 Ι
1699 2364 1822 2416 praef.
1851 2363 1966 2413 fabr„
1993 2360 2003 2420 Ι

293 2446 399 2473 cens.
430 2447 543 2487 perp.
573 2433 578 2489 Ι
606 2467 614 2476 .
639 2468 648 2476 .
672 2467 681 2476 .

411 2501 517 2534 Caere
544 2502 614 2545 (XI
624 2503 713 2537 5647
729 2503 822 2535 vidit
837 2502 1052 2546 Bor-mann).
1068 2521 1114 2526 —
1140 2504 1173 2543 1)
1196 2501 1334 2534 Filium
1359 2504 1436 2533 eius
1459 2500 1523 2542 qui
1542 2498 1730 2542 praeeedit
1747 2501 1858 2542 putat
1880 2497 2004 2532 Bor-m.
2088 2539 2092 2547 Ι

407 2559 508 2591 Alios
533 2559 659 2592 titulos
685 2559 897 2592 Caeretanos
921 2560 1005 2592 decli
1028 2558 1073 2592 N.
1090 2559 1156 2592 247
1180 2557 1293 2601 (hunc
1312 2558 1473 2601 positum
1497 2567 1520 2590 a
1542 2559 1672 2589 senatu
1691 2555 1898 2599 populoque
1922 2555 2005 2588 Cae-
2087 2567 2092 2597 Ι

295 2613 394 2657 rste).
419 2614 512 2649 4567.
536 2617 638 2651 5052.
661 2616 783 2649 sowa.
2087 2604 2092 2620 ²

410 2713 524 2759 6579
584 2718 815 2757 centumviri
848 2717 1054 2770 municipii
1085 2717 1249 2769 Augusti
1279 2716 1454 2756 Veientis
1480 2714 1485 2771 Ι
1513 2715 1660 2756 Romae
1689 2714 1728 2754 in
1761 2713 1899 2754 aedem
1927 2713 2003 2754 Ve-

301 2783 408 2822 neris
454 2785 674 2826 Genetricis
716 2798 804 2825 cum
851 2782 1162 2840 convenislsent‚
1209 2784 1357 2837 placuit
1401 2783 1612 2831 universis,
1662 2781 1756 2821 dum
1801 2782 2004 2822 decretum

299 2852 631 2903 conscriberetur,
672 2853 679 2907 Ι
720 2853 879 2893 interim
911 2867 957 2893 ex
988 2853 1220 2893 auctoritate
1257 2853 1434 2892 omnium
1464 2850 1637 2904 permitti
1678 2847 1683 2904 Ι
1725 2849 1766 2890 C.
1798 2850 1898 2891 Iulio
1927 2849 2004 2890 divi

300 2920 462 2971 Augusti
494 2921 518 2959 l.
551 2921 698 2970 Gelon,
743 2922 810 2973 qui
842 2923 950 2961 omni
980 2928 1160 2974 tempore
1200 2918 1206 2976 Ι
1249 2920 1439 2972 municip.
1470 2919 1585 2958 Veios
1625 2931 1704 2958 non
1744 2918 1871 2958 solum
1906 2930 2003 2958 con-

299 2987 386 3026 silio
426 2994 464 3026 et
503 2988 625 3038 gratia
665 2988 856 3028 adiuverit
896 2987 902 3041 Ι
942 2990 1008 3029 sed
1049 2989 1165 3028 etiam
1203 2989 1381 3040 inpensis
1419 2989 1500 3026 suis
1537 2992 1576 3026 et
1613 2997 1685 3038 per
1722 2986 1846 3026 silium
1887 2997 2006 3026 suum

301 3053 488 3093 celebrari
529 3052 535 3109 Ι
573 3055 758 3102 voluerit,
798 3056 991 3096 honorem
1029 3057 1065 3096 ei
1095 3056 1350 3097 iustissimum
1381 3054 1561 3103 decerni,
1602 3059 1646 3094 ut
1684 3051 1689 3108 Ι
1732 3053 2004 3104 Augustalium

2077 2841 2092 3360 ψω-η-αι-...μ-ΛΜ-ιμη...
2088 2811 2092 2821 -
2088 2769 2092 2782 -
2089 2733 2092 2741 .
2090 2707 2092 2714 .
2089 2676 2092 2683 .
