2092 3360
112 142 117 200 Ι
476 147 592 185 Tituli
615 147 712 184 sacri
734 149 773 185 et
795 147 1039 185 sacerdotum.
1063 168 1109 174 —
1133 147 1236 186 luno.
1266 147 1444 186 Minerva.
1762 151 1814 190 19

212 262 335 305 Agora,
365 263 430 296 ubi
457 260 533 303 fuit
559 262 745 306 Aginnum
777 262 947 307 oppidum
970 260 1220 306 Nitiobrigum
1251 264 1291 296 in
1323 263 1540 307 Aquitania,
1571 274 1647 308 rep.
1672 276 1707 299 a.
1731 265 1815 299 4894

99 317 205 360 (XIII
225 318 290 353 944
313 318 363 352 ad
385 319 582 364 ectypum).

216 398 331 446 3119
384 400 606 442 lunonibus
635 412 790 442 sacrum
818 397 824 455 Ι
850 400 902 441 Μ.
931 400 1083 454 Magius
1113 401 1164 442 M.
1195 402 1220 442 1.
1250 404 1486 444 Amarantus
1511 400 1518 458 Ι
1544 402 1716 444 111111vir
1744 403 1810 460 et}

99 469 224 522 Magia
254 468 307 509 M.
338 469 365 509 f.
391 469 504 519 Vera,
539 469 665 521 Magia
694 468 746 510 M.
775 467 800 508 l.
832 467 933 517 Ilias,
961 466 967 524 Ι
995 469 1146 518 aedem,
1184 469 1297 522 signa
1327 470 1394 520 111,
1432 472 1575 524 portic.
1606 484 1698 512 cum
1728 483 1815 512 ma-

100 537 202 578 ceris
233 533 297 594 [ec]
335 536 344 591 Ι
384 536 514 578 culina
553 543 594 578 et
622 537 753 578 locum
794 536 835 576 in
875 549 955 589 quo
987 550 1031 578 ea
1061 544 1169 587 sunl,
1210 535 1216 592 Ι
1257 544 1391 579 votum
1421 539 1638 590 solverunt,
1679 539 1686 589 Ι
1725 540 1816 580 loco

130 605 269 646 rivato.

100 617 126 658 p
218 671 408 714 Aquileiae
431 670 484 715 (V
504 671 566 706 784
592 671 785 715 aliquoties
809 671 990 715 descripta
1013 672 1166 706 saeculis
1187 673 1405 715 prioribus).

211 750 328 798 3120
365 751 576 792 Domnab.¹
604 750 610 807 Ι
636 765 792 794 sacrum
814 750 820 801 Ι
843 753 934 795 Sex.
955 749 1150 806 Baebius}
1173 753 1254 793 Bai.
1275 754 1303 793 f.
1325 760 1402 794 vet.
1423 766 1471 794 ex
1492 754 1615 795 classe
1642 757 1648 805 Ι
1673 755 1814 796 vestia-

99 820 182 862 rius
240 833 275 860 v.
305 833 337 861 s.
369 820 393 860 Ι.
424 832 477 860 m.

208 819 404 931 ¹Aquileiae
428 886 484 927 (V
500 888 561 921 774
584 886 692 919 semel
714 887 894 930 descripta
918 897 1008 920 saec.
1034 887 1131 932 XV).
1157 907 1202 913 -
1227 890 1262 931 1)
1285 887 1485 922 DOMNAB
1509 889 1680 923 traditur.

214 966 327 1013 3121
378 968 565 1010 lunonib.
590 967 599 1021 Ι
625 974 801 1008 momen.
829 965 836 1023 Ι
863 968 1065 1010 Cinnamis
1091 966 1097 1023 Ι
1123 982 1159 1010 v.
1188 982 1220 1010 s.

216 1034 390 1069 Nemausi
413 1034 501 1078 (XII
519 1035 608 1070 5067
631 1033 838 1074 Hirschfeld
858 1035 952 1068 vidit
974 1036 1170 1080 ectypum).

211 1113 326 1160 3122
373 1115 560 1156 Iunonib.
587 1113 595 1171 Ι
620 1115 790 1156 Mitron.
818 1113 825 1171 Ι
865 1128 913 1156 ex
941 1116 1026 1158 visu
1061 1115 1068 1170 Ι
1108 1116 1149 1158 C.
1180 1116 1262 1158 Vir.
1294 1118 1394 1158 Max,
1427 1123 1482 1163 (in
1505 1125 1658 1166 utroquo
1685 1123 1813 1164 latero)

99 1182 189 1224 lun.
216 1181 223 1238 Ι
249 1183 292 1224 C.
322 1182 367 1222 V.
398 1182 450 1223 M.

214 1248 315 1283 Comi
338 1248 394 1293 (V
409 1250 502 1284 5249
524 1250 619 1283 vidit
641 1250 864 1291 Mommsen).
880 1269 927 1276 -
949 1251 1056 1284 Alius
1080 1251 1209 1285 titulus
1231 1251 1398 1287 Mati-onis
1421 1252 1606 1288 Iunonibus
1630 1252 1816 1286 dedicatus

99 1308 152 1338 est
175 1305 214 1339 V
230 1307 328 1340 5450.

211 1385 327 1432 3123
649 1388 816 1429 Genitor
846 1388 1042 1430 Iunonem
1072 1389 1228 1430 dedicat

646 1456 804 1509 alteque
836 1457 1047 1511 Pompeiae
1077 1458 1194 1498 locat.

645 1523 840 1565 Levamen
873 1526 952 1566 hoc
982 1525 1186 1566 doloribus

645 1591 900 1645 lacrimisque
931 1605 1095 1646 pausam
1125 1593 1306 1634 credidit.

645 1662 695 1699 At
724 1673 834 1700 nune
865 1661 1034 1702 videndo
1064 1662 1210 1714 iugiter

647 1734 688 1768 et
715 1729 851 1769 fletum
882 1736 922 1769 et
951 1730 1121 1782 gemitus
1151 1730 1338 1782 integrat.

214 1793 404 1834 Sufetulae
427 1792 574 1837 (Sbula)
598 1795 638 1827 in
662 1793 795 1834 Africa
826 1795 932 1836 (VIII
954 1796 1021 1830 254
1046 1812 1091 1824 =
1114 1796 1221 1830 44405
1245 1796 1339 1829 vidit
1364 1795 1589 1837 Wilmanns;
1623 1795 1817 1829 Buecheler

101 1860 212 1884 carm.
233 1852 348 1895 epigr.
370 1861 407 1884 n.
423 1851 524 1892 220).
570 1850 705 1884 Versus
734 1855 820 1885 sunt
848 1854 1044 1886 acrostichi
1071 1855 1229 1886 nominis
1255 1853 1391 1887 Gallae.
1442 1852 1583 1886 Titulus
1610 1853 1818 1895 pertinebat

101 1906 151 1940 ad
170 1908 367 1949 imaginem
389 1908 576 1951 Pompeiae
600 1907 724 1941 Gallae
753 1909 879 1941 habitu
908 1909 1059 1943 Iunonis
1088 1910 1307 1952 dedicatam,
1337 1910 1528 1952 eodemque
1557 1908 1613 1942 vel
1636 1909 1723 1942 adeo
1749 1919 1816 1952 po-

102 1964 194 1996 tiore
217 1963 296 1996 iure
311 1963 485 1997 collocari
504 1964 624 2006 potuit
639 1965 736 1996 inter
750 1965 976 2006 sepulcrales.
994 1985 1039 1991 —
1060 1965 1198 1999 Titulos
1214 1966 1411 2000 Iunonibus
1426 1965 1617 1999 mulierum
1633 1966 1817 1999 dedicatos

28 2061 42 2068 ἡ
102 2018 183 2051 vide
205 2016 307 2058 infra
332 2020 427 2052 inter
448 2018 665 2061 sepulcrales
689 2018 753 2063 (esi
777 2021 862 2053 item
885 2020 932 2055 N.
949 2021 1023 2055 446.
1046 2023 1144 2057 5644.
1166 2023 1285 2067 5645).

213 2187 330 2235 3124
366 2189 552 2230 Menerva
581 2202 697 2230 sacru
723 2188 731 2245 Ι
756 2191 823 2230 Lr.
843 2190 991 2232 Cotena
1022 2192 1088 2233 Lr.
1120 2194 1162 2233 f.¹
1192 2190 1387 2249 preto[r]²
1415 2193 1464 2233 de
1490 2195 1497 2243 1
1522 2199 1691 2234 zenatuo
1721 2206 1814 2234 scn-

101 2257 250 2298 tentiad
277 2264 438 2298 vootum
464 2266 471 2311 Ι
497 2257 654 2308 dedet⁸;
684 2258 839 2298 cuando
869 2259 961 2300 datu
993 2260 1128 2301 rected
1154 2260 1159 2315 Ι
1188 2261 1466 2314 cuncaptum⁴.

212 2323 373 2358 Faleriis
395 2335 483 2368 rep„
515 2324 650 2358 lamina
674 2335 796 2367 aenea,
829 2329 882 2359 est
903 2325 1036 2360 Romae
1061 2325 1133 2370 (XI
1150 2327 1239 2361 5084
1263 2328 1358 2362 vidit
1379 2328 1585 2369 Bormann5
1619 2329 1815 2370 imaginem

102 2381 201 2415 dedit
230 2380 417 2422 Zvetaieff
439 2382 550 2414 inser.
574 2381 656 2415 Ital.
680 2382 770 2416 med.
796 2382 972 2416 dialectic.
998 2385 1070 2417 tab.
1098 2383 1169 2418 V11
1190 2394 1226 2418 n.
1248 2386 1270 2417 4
1302 2383 1350 2424 cl:
1372 2395 1408 2428 p.
1430 2386 1478 2418 58
1498 2395 1534 2418 n.
1550 2385 1622 2426 68).
1669 2383 1815 2427 Scripta

101 2440 155 2471 est
175 2438 306 2472 litteris
329 2448 404 2471 non
427 2437 569 2471 Latinis
591 2438 655 2471 sed
674 2438 841 2472 Faliscis.
864 2458 910 2464 ——
945 2441 976 2483 1)
1001 2439 1094 2474 Lars
1119 2440 1250 2474 Cotena
1274 2441 1397 2475 Lartis
1419 2441 1529 2482 filius.
1551 2459 1596 2466 --
1619 2442 1656 2482 2)
1686 2440 1816 2475 Ultima

51 2489 54 2495 ⁴
103 2493 223 2528 littera
242 2496 285 2537 G,
309 2505 434 2528 errore
455 2492 557 2534 fabri
580 2495 730 2535 aerarii,
755 2497 820 2538 qui
841 2495 1035 2529 Etruscam
1060 2498 1218 2530 litteram
1238 2508 1309 2540 pro
1334 2497 1480 2531 Falisca
1506 2497 1563 2539 (fl)
1587 2498 1658 2530 huc
1680 2497 1814 2530 intulit.

101 2568 145 2574 —
169 2551 204 2592 3)
229 2550 418 2593 Intellege.-
442 2551 540 2594 quod
560 2553 682 2585 votum
706 2554 796 2594 erat,
820 2551 928 2586 dedit.
954 2571 1000 2578 ·—
1023 2555 1059 2596 4)
1084 2553 1236 2587 Videtur
1258 2553 1474 2596 significari,
1498 2564 1709 2597 quocunque
1733 2557 1815 2587 tem-

99 2616 188 2649 pore
211 2606 431 2648 dedicatum,
461 2610 556 2641 recte
588 2607 790 2641 dedicatum
821 2619 893 2640 esse
922 2607 972 2648 cf.
995 2608 1074 2644 Liv.
1091 2610 1152 2652 22,
1167 2610 1221 2653 40,
1239 2611 1279 2651 4,·
1313 2611 1370 2653 56,
1387 2611 1422 2653 2,
1438 2611 1462 2644 5
1495 2610 1552 2651 (id
1575 2614 1692 2643 autem
1716 2621 1815 2653 repe-

62 2659 65 2662 *
97 2663 207 2696 amm
231 2673 278 2696 ex
299 2661 462 2703 formula
484 2665 562 2698 voti
586 2663 788 2707 concepti)‚·
818 2674 1036 2708 quamquam
1060 2667 1286 2709 concipiendi
1314 2667 1525 2700 vocabulum
1558 2666 1732 2710 quomodo
1757 2667 1816 2699 Ιιίσ

100 2718 267 2752 adhiberi
283 2721 465 2763 potuerit,
501 2721 690 2754 obscurum
714 2719 968 2765 (Mommsenus
990 2721 1187 2764 intellegit:
1223 2723 1432 2766 aliquando,
1464 2725 1489 2758 i.
1505 2734 1534 2757 e.
1558 2733 1623 2757 suo
1648 2726 1815 2766 tempore,

65 2786 77 2827 A·
101 2773 246 2817 ἀπεαπ,-
267 2778 365 2809 recte
387 2776 623 2821 conceptum).

214 2853 327 2901 3125
376 2889 387 2899 .
410 2887 420 2897 .
442 2889 453 2901 .
476 2854 695 2913 [Me]nerva
725 2858 832 2898 dono
862 2854 1021 2914 de[det].

215 2922 347 2957 Romae
369 2934 445 2967 rep.
469 2925 508 2957 in
531 2924 717 2967 Esquiliis,
741 2926 837 2958 inter
860 2927 939 2958 vias
964 2923 1214 2958 Macclziavelli
1237 2927 1272 2957 ct
1294 2925 1537 2966 Buonarrota’,
1559 2926 1623 2959 ubi
1646 2926 1814 2970 templum

103 2977 287 3013 Hivtervae
303 2979 465 3013 Medicae
486 2978 602 3019 fuisse
616 2980 771 3023 videtur,
794 2980 1040 3024 fragmentum
1064 2983 1157 3014 vasis
1179 2981 1302 3022 fictilis
1319 2980 1389 3025 (VI
1402 2982 1514 3016 50980
1538 2982 1630 3016 vidit
1645 2983 1816 3024 unchen,-

106 3032 205 3068 Gaui
227 3035 312 3069 bun.
338 3037 524 3070 comunale
546 3037 632 3070 4887
652 3048 690 3080 p.
708 3037 771 3071 454
797 3048 876 3070 eum
901 3040 1060 3080 imagine
1084 3039 1154 3071 tab.
1180 3036 1257 3082 IX).

1491 3118 1540 3152 2*
