2092 3360
237 126 291 164 56
995 123 1114 170 Caput
1135 124 1197 160 XI.

354 239 484 272 Romae
514 241 554 272 in
584 238 790 281 Esquilino,
823 238 886 270 sed
914 238 956 271 de
987 238 1065 272 loco
1096 240 1159 271 ubi
1189 241 1332 281 reperta
1361 239 1422 280 sit,
1454 248 1526 272 non
1557 238 1646 271 satis
1676 240 1815 271 constat
1847 238 1954 282 (Eph.

237 306 291 339 ep.
316 298 348 339 4,
365 297 431 331 754
457 296 549 329 vidie
575 294 744 338 Henzen).
768 313 811 318 —
839 296 872 334 1)
898 294 980 329 fecit
1002 296 1214 329 vocabulum
1238 305 1390 329 erasum.

357 352 494 386 Titulos
528 352 618 384 duos
650 362 671 383 α
703 352 979 393 magistratibus
1014 352 1147 385 liberae
1182 352 1401 395 reipublicae
1433 351 1565 385 Romae
1596 351 1740 385 Herculi
1776 350 1955 384 dedicatos

237 409 400 442 dedimus
423 419 534 451 supra
558 407 604 440 N.
622 407 671 440 44.
697 408 754 441 20.

351 497 468 544 3424
512 499 672 539 Herculi
703 499 850 540 invicto
881 511 979 539 sacr.
1008 497 1014 554 Ι
1042 499 1255 540 Hermeros
1274 501 1373 551 Aug.
1405 500 1471 540 lib.
1494 500 1587 540 tab.¹
1614 498 1619 554 Ι
1647 501 1895 541 thensauror.

355 566 489 599 Romae
521 569 628 600 extra
657 571 800 610 portam
828 565 1054 600 Tiburtinam
1089 566 1160 609 (VI
1179 566 1291 600 50757
1322 566 1426 608 vidi).
1473 567 1603 611 Iisdem
1633 568 1749 600 verbis
1778 567 1955 610 inscripta

238 619 290 657 est
314 623 368 657 VI
386 624 470 664 525,
495 634 587 666 quae
611 624 747 657 dicitur
770 627 916 666 reperta.
941 635 1012 656 esse
1036 627 1119 656 ante
1140 625 1283 665 portam
1299 622 1525 666 Esquilinam
1542 623 1760 668 (Maiorem),
1786 623 1858 658 VII
1875 621 1957 663 fere

239 680 314 715 mil.
337 690 434 722 pass.
461 681 505 712 ab
530 681 629 714 urbe.
654 699 698 704 —
731 682 763 723 1)
792 679 1007 714 Tabularius
1033 680 1090 724 (ut
1113 683 1166 712 est
1186 682 1424 723 perscriptum
1449 682 1487 712 in
1512 680 1616 713 titulo
1637 680 1816 724 gemello).

352 780 467 827 3425
509 783 670 823 Herculi
787 780 792 837 Ι
820 783 877 822 Fl.
900 783 1102 823 Lollianus
1134 797 1163 826 ν.
1191 796 1237 832 c.‚
1268 784 1418 836 praef..
1437 812 1473 822 ..

351 849 482 883 Romae
503 861 577 893 rep.
602 852 640 882 in
656 849 845 892 Esquilino
868 860 981 893 prope
1004 850 1187 884 ecclesiam
1211 850 1247 885 S.
1262 849 1395 883 Luciae
1418 851 1457 882 in
1481 849 1574 883 Selci
1591 848 1710 892 (Gatti
1724 849 1818 883 Bull.
1836 858 1954 883 comu-

238 907 323 941 nale
347 907 434 941 4889
453 917 492 949 12.
509 907 565 949 42,
598 905 745 940 Notizie
769 906 855 940 4889
877 917 912 950 p.
931 906 999 950 44).
1047 907 1089 940 In
1113 909 1281 950 margine
1304 905 1482 947 inferiore
1505 906 1640 939 dicitur
1662 916 1736 938 esse
1758 904 1830 948 1111,
1858 905 1958 949 quod

240 965 306 996 via.-
336 963 383 996 ad
414 964 506 996 hanc
537 964 808 1006 inscriptionem
835 965 1006 1007 pertinet.
1034 983 1079 988 —
1113 965 1144 1005 1)
1170 963 1337 1006 Cogitavi
1362 963 1404 995 de
1426 963 1556 997 Flavio
1584 961 1750 996 Lolliano
1775 961 1953 996 Mavortia

240 1020 369 1063 (supra
395 1019 442 1054 N.
460 1020 554 1053 4225
567 1020 670 1064 seq),
700 1022 762 1063 qui
785 1019 992 1063 praefectus
1014 1022 1098 1054 urbi
1120 1019 1195 1060 fuit
1218 1031 1254 1055 a.
1278 1020 1366 1062 542,
1389 1020 1450 1052 sed
1472 1020 1589 1052 editor
1613 1019 1754 1052 litterae
1778 1017 1877 1052 tituli
1899 1020 1955 1052 ait

235 1087 308 1109 esse
339 1076 476 1109 saeculi
501 1087 538 1119 p.
565 1075 645 1112 Chr.
681 1078 779 1110 tertii
807 1078 930 1120 polius
960 1087 1066 1120 quam
1091 1079 1215 1120 quarti
1247 1075 1452 1120 (Lollianus
1473 1075 1680 1119 praefectus
1703 1077 1804 1109 urbis
1830 1086 1861 1109 a.
1885 1076 1955 1110 254

234 1134 419 1175 Egnatius
442 1132 527 1175 fuit,
551 1143 624 1165 non
647 1132 827 1177 Flavius).

352 1222 472 1270 3426
512 1225 554 1264 Ρ.
574 1222 796 1281 Egn[atius]
832 1239 932 1266 ...s
962 1240 996 1266 v.
1019 1227 1069 1266 c.¹
1109 1224 1115 1281 Ι
1149 1223 1364 1282 p0n[tisea;]
1396 1225 1576 1266 Herculis
1611 1222 1617 1279 Ι
1653 1231 1693 1264 et
1721 1230 1854 1264 rector
1883 1223 1952 1264 de-

235 1293 367 1334 curiae
394 1291 400 1348 Ι
428 1293 670 1334 Herculeae²
699 1295 861 1334 curavit.

351 1359 482 1393 Romae
511 1371 587 1403 rep.
619 1362 659 1393 in
690 1363 839 1403 regione
869 1362 970 1394 urbis
994 1371 1102 1404 nona,
1134 1363 1197 1395 ubi
1221 1364 1293 1394 iam
1317 1361 1453 1394 dicitur
1479 1361 1612 1394 Piazza
1637 1359 1789 1400 Cairoli,
1822 1359 1953 1392 litteris

176 1411 180 1415 Δ
238 1427 329 1460 quae
351 1427 442 1450 saec.
463 1427 500 1460 p.
530 1415 608 1450 Clzr.
636 1421 806 1460 quartum
831 1418 997 1452 indicant
1020 1418 1092 1459 (VI
1111 1418 1227 1453 50895
1250 1417 1345 1451 vidit
1368 1417 1538 1458 Huelsen;
1574 1416 1673 1450 Gaui
1701 1415 1840 1450 Notz‘zie
1863 1415 1954 1450 4892

229 1485 271 1518 p.
287 1474 344 1516 24,
375 1474 469 1507 Bull.
495 1474 680 1507 comunale
705 1474 792 1508 4892
816 1485 851 1517 p.
867 1475 941 1519 57).
966 1494 1011 1499 -—
1047 1477 1077 1518 1)
1105 1476 1172 1510 Vir
1196 1476 1427 1509 clarissimus.
1453 1493 1496 1499 —
1530 1474 1564 1517 2)
1589 1473 1742 1507 Videtur
1768 1483 1839 1506 esse
1860 1473 1952 1506 idem

232 1530 399 1565 sacerdos
433 1532 495 1573 qui
519 1532 557 1562 in
583 1530 702 1563 titulis
727 1534 762 1563 et
791 1533 880 1574 ipsis
912 1534 1035 1575 quarti
1061 1543 1097 1575 p.
1124 1532 1204 1567 Clzr.
1235 1532 1371 1565 saeculi
1401 1542 1510 1575 supra
1535 1530 1580 1564 N.
1604 1531 1694 1565 4259
1723 1530 1862 1564 dicitur
1893 1540 1952 1563 cu-

233 1586 340 1620 rialis
364 1587 549 1629 Herculis,
578 1585 624 1619 Ν.
648 1588 739 1621 2942
763 1589 929 1622 sacerdos
954 1589 1125 1622 Herculis.

351 1688 464 1735 3427
514 1690 697 1731 Herculei
726 1689 731 1746 Ι
767 1704 923 1732 sacrum
951 1690 957 1746 Ι
985 1692 1024 1733 C.
1056 1692 1188 1732 Marci.
1221 1692 1260 1733 C.
1294 1693 1317 1732 l.
1350 1692 1458 1734 Alex.
1490 1692 1602 1741 fecit,
1641 1704 1776 1733 servos
1802 1689 1808 1747 Ι
1834 1692 1951 1740 vovit,

235 1759 337 1800 liber
366 1759 493 1799 solvit.
525 1764 596 1804 (Ab
623 1764 740 1797 altera
761 1767 871 1807 parte
895 1765 1050 1797 eiusdem
1075 1763 1222 1808 lapidis)
1256 1760 1439 1801 Herculei
1472 1758 1478 1814 Ι
1512 1771 1668 1800 sacrum
1704 1758 1710 1815 Ι
1745 1759 1786 1800 C.
1817 1760 1952 1800 Marci.

237 1828 278 1869 C.
309 1828 335 1868 l.
365 1828 472 1868 Alex.
501 1826 508 1881 Ι
534 1828 610 1868 dat.

351 1895 467 1937 Prope
491 1894 659 1928 Puteolos
684 1894 720 1938 (1
744 1896 850 1929 4255.
879 1894 915 1928 X
934 1895 1019 1928 4569
1043 1896 1095 1927 bis
1120 1894 1324 1938 descripta).

350 1997 466 2044 3428
506 1998 666 2038 Herculi
694 1996 699 2053 Ι
726 2005 864 2039 sancto
889 1973 967 2039 sac.
996 1996 1001 2053 Ι
1028 1999 1070 2040 Ρ.
1092 1999 1337 2051 Pomponius
1358 1996 1518 2053 Noeltus
1546 2004 1679 2038 votum
1710 1998 1795 2046 sol„
1822 1997 1828 2053 Ι
1856 1997 1955 2037 ami-

239 2080 308 2108 cos
328 2068 426 2107 acc.¹
452 2067 566 2108 bene.
596 2065 602 2121 Ι
629 2067 673 2107 L.
690 2067 815 2120 Eggio
837 2067 1000 2107 Marullo
1024 2073 1064 2107 et
1090 2065 1095 2122 Ι
1123 2067 1193 2108 Cn.
1211 2067 1369 2120 Papirio
1391 2067 1554 2107 Aeliano
1576 2066 1690 2114 cos.²‚
1717 2063 1723 2121 Ι
1750 2066 1773 2106 l.
1790 2066 1827 2106 d.
1845 2065 1882 2105 d.
1899 2066 1954 2114 d„

237 2134 276 2174 k.
304 2134 375 2175 Iul.

357 2200 495 2243 Casini,
525 2203 565 2234 in
590 2202 766 2234 cantharo
796 2212 929 2244 magno
957 2202 1086 2245 lapidis
1115 2201 1297 2235 Tiburtini
1330 2201 1388 2245 (X
1413 2202 1499 2236 5460
1531 2201 1623 2234 vidit
1654 2200 1877 2242 Mommsen).
1907 2217 1954 2226 -

242 2258 278 2298 1)
300 2258 458 2300 Accepit.
483 2276 526 2282 —
559 2258 593 2298 2)
617 2258 661 2292 A.
679 2258 751 2291 484.

354 2345 468 2393 3429
516 2348 676 2389 Herculi
703 2349 709 2404 Ι
736 2350 906 2402 scyphos
933 2348 939 2402 Ι
965 2355 1098 2389 votum
1129 2350 1261 2402 posuit
1287 2347 1292 2404 Ι
1320 2349 1361 2389 C.
1385 2349 1542 2389 Clodius
1569 2346 1574 2403 Ι
1603 2348 1642 2388 C.
1672 2347 1738 2388 lib.
1771 2347 1914 2388 Laetus
1943 2348 1950 2396 Ι

240 2416 478 2468 Augustalis.

360 2482 533 2516 Taurinis
558 2482 609 2523 (V
630 2484 720 2517 6952
748 2483 842 2516 vidit
864 2482 1087 2528 Mommsen).

355 2584 472 2630 3430
520 2586 554 2626 11
586 2587 684 2639 Aug.
714 2585 718 2641 Ι
755 2587 852 2627 cos.¹
881 2586 888 2641 Ι
923 2586 961 2625 k.
994 2586 1169 2642 Aprillib.
1196 2586 1203 2642 Ι
1230 2587 1275 2629 Τ.
1307 2587 1364 2627 Fl.
1396 2586 1496 2627 Eros
1523 2585 1529 2640 Ι
1556 2582 1776 2639 Hercullem
1813 2583 1820 2640 Ι
1854 2598 1954 2638 pue-

242 2651 385 2709 rilnum
417 2652 421 2706 Ι
448 2666 536 2694 cum
569 2654 650 2694 basi
678 2652 683 2708 Ι
710 2654 866 2694 Deanae
893 2652 899 2709 Ι
926 2654 963 2694 d.
995 2655 1031 2694 d.

357 2720 490 2754 Romae
515 2720 587 2763 (VI
607 2720 673 2754 426
697 2721 788 2754 vidit
811 2721 1022 2760 Marinius).
1044 2739 1090 2747 —
1117 2722 1150 2762 1)
1174 2722 1321 2755 Duobus
1344 2722 1520 2763 Augustis
1544 2721 1747 2753 consulibus
1771 2719 1820 2764 (a.
1838 2720 1898 2754 464
1906 2719 1952 2765 Ῥ).

357 2822 469 2869 3431
510 2825 555 2865 Τ.
588 2825 698 2865 Vetio
726 2822 732 2878 Ι
759 2826 866 2866 duno
894 2822 900 2880 Ι
927 2825 1032 2865 didet
1059 2823 1064 2880 Ι
1093 2826 1236 2866 Herclo
1262 2823 1268 2879 Ι
1297 2825 1399 2865 lovio
1426 2822 1432 2880 Ι
1459 2824 1547 2864 brat
1572 2821 1578 2878 Ι
1605 2823 1704 2864 data.

359 2891 454 2925 Loco
481 2891 576 2925 dicto
602 2891 743 2926 Novelli
767 2893 806 2925 in
832 2903 922 2936 agro
949 2892 1178 2926 Vestinorum
1202 2895 1244 2925 ut
1265 2891 1407 2925 videtur
1432 2890 1501 2935 (IX
1520 2891 1607 2926 5444
1630 2891 1722 2924 vidit
1742 2889 1954 2931 Mommsen,-

245 2949 439 2990 imaginem
459 2949 601 2982 ‹va-hibet
617 2949 800 2991 Zvetaieff
816 2951 925 2983 inser.
942 2949 1023 2983 Ital.
1040 2949 1177 2983 mediae
1193 2948 1370 2982 dialectic.
1387 2949 1458 2982 tab.
1476 2947 1513 2981 11
1526 2958 1562 2982 n.
1578 2949 1598 2981 4
1623 2946 1670 2988 cs}
1682 2957 1719 2991 p.
1730 2947 1774 2981 45
1789 2957 1826 2982 n.
1839 2946 1892 2991 9).
1909 2965 1951 2971 —

248 3004 372 3037 Sermo
398 3004 543 3037 videtur
566 3006 702 3038 mia-tus
727 3007 823 3039 inter
847 3005 1018 3040 Latinum
1043 3008 1078 3039 et
1102 3006 1247 3046 Oscum;
1271 3003 1319 3045 εἶ’.
1344 3004 1538 3038 Buecheler
1563 3004 1583 3038 l.
1607 3014 1635 3038 c.
