2092 3360
234 177 318 216 370
965 174 1087 220 Caput
1108 174 1213 210 XIII.

1076 288 1114 332 1.

349 290 607 400 {qtffostilius
628 357 907 410 Philadelphus
934 355 940 411 Ι
968 357 1019 398 01)
1040 358 1184 398 honor.
1206 356 1350 397 aedilit.
1372 357 1530 398 titulum
1551 358 1690 411 polivit
1716 358 1722 415 Ι
1748 361 1796 402 de
1816 375 1888 404 suo
1910 370 1951 404 et

236 428 399 468 nomina
430 426 552 467 sodal.
575 426 780 479 inscripsit
800 438 937 466 eorum
967 423 973 479 Ι
1000 426 1067 478 qui
1097 437 1266 465 munera
1295 433 1538 477 posuerunt:
1566 424 1572 482 Ι
1598 427 1795 470 Domitius
1813 429 1952 472 Primi-

235 495 376 548 genius
397 502 565 535 statuam
593 492 600 548 Ι
626 506 782 534 aeream
805 493 953 534 Silvani
984 506 1073 534 cum
1095 494 1203 534 aede.
1230 492 1236 549 Ι
1264 493 1305 534 C.
1324 493 1482 535 Oratius
1503 494 1675 536 Sabinus
1701 502 1741 536 at
1760 499 1952 551 templum

235 563 392 616 tegend.
421 561 425 617 Ι
463 563 615 615 tegulas
646 562 768 603 CCCC
798 563 960 603 tectas².
1001 561 1007 616 Ι
1047 562 1210 602 Nutrius
1240 561 1383 603 Valens
1419 561 1543 615 sigilla
1573 564 1788 604 marmuria
1823 562 1830 618 Ι
1863 566 1951 617 dua,

236 631 448 671 Herculem
478 637 518 670 et
547 630 826 670 Mereurium2.
853 629 861 685 Ι
895 630 1060 671 Paccius
1088 630 1342 671 Mercuriales
1373 643 1475 683 opus
1505 631 1712 673 cementic.
1749 630 1756 688 Ι
1793 632 1830 673 Χ
1861 633 1952 676 CCL

236 706 327 739 ante
367 699 561 751 templum
606 705 646 739 et
682 699 818 739 tabula
860 699 965 752 picta
1005 696 1217 750 Olympum
1256 697 1293 738 X
1320 698 1401 739 XV.
1443 697 1448 753 Ι
1491 699 1693 741 Publicius
1730 701 1875 743 Laetus
1916 709 1956 744 at

236 767 431 820 templum
463 763 766 822 aedifilcandum
795 767 956 807 donavit
988 765 1025 806 X
1054 765 1098 805 L.
1132 764 1139 819 Ι
1179 766 1278 807 Item
1308 767 1473 808 Paccius
1503 768 1756 810 Mercuriales
1786 777 1825 810 at
1854 777 1954 811 tem-

236 836 347 888 plum
381 833 388 889 Ι
423 834 709 875 aedificandum
741 848 830 876 cum
863 835 939 875 filis
970 841 1009 875 et
1037 833 1181 875 liberto
1213 835 1306 875 don.
1333 832 1340 889 Ι
1376 834 1410 875 Χ
1431 835 1484 885 L,
1523 837 1618 876 item
1648 837 1819 890 sigillum
1850 851 1954 880 mar-

237 903 408 943 murium
441 902 575 943 Liberi
608 902 645 943 X
665 902 780 943 XXV.
817 901 832 957 ΙΙ
869 903 1035 944 Alfenus
1065 902 1254 955 Aspasius
1283 903 1435 944 sacerd.
1464 901 1469 957 Ι
1504 904 1662 957 signum
1693 918 1775 946 aer.
1807 907 1954 949 Silvani

237 984 328 1012 cum
361 971 456 1019 basi,
491 969 498 1024 Ι
532 970 626 1011 item
656 971 765 1012 vivus
797 971 872 1012 xl
902 971 1042 1012 mortis
1073 983 1215 1012 causae
1244 971 1329 1012 sui³
1360 971 1366 1026 Ι
1400 973 1564 1013 remisit.
1598 972 1605 1027 Ι

352 1039 543 1080 Hostilius
565 1039 843 1093 Philadelphus
864 1036 1235 1096 insc[e]nldentibus
1259 1040 1300 1080 in
1322 1041 1471 1093 templo
1493 1048 1643 1094 petram
1664 1042 1808 1082 excidit
1828 1043 1866 1084 d.
1887 1057 1919 1084 s.
1945 1042 1952 1100 Ι

1073 1128 1113 1172 2.

352 1199 395 1240 Ρ.
414 1199 606 1240 Hostilius
626 1200 669 1240 P.
690 1200 715 1240 l.
737 1200 1016 1253 Philadelphus
1042 1197 1048 1254 Ι
1074 1207 1228 1252 petram
1248 1199 1427 1240 inferior.
1450 1199 1595 1240 excidit
1625 1207 1664 1241 et
1683 1201 1843 1242 titulum
1863 1203 1958 1244 fecit

242 1268 311 1309 ubi
338 1266 344 1322 Ι
372 1268 533 1308 nomina
564 1268 706 1309 cultor.
738 1268 897 1321 scripsit
927 1274 966 1308 et
985 1268 1162 1321 sculpsit,
1193 1268 1288 1309 sac.⁴
1308 1267 1483 1317 Urbano,
1514 1281 1546 1308 s.
1578 1281 1618 1321 p.
1664 1266 1671 1324 Ι
1697 1269 1742 1310 L.
1765 1270 1956 1313 Volattius

239 1337 427 1377 Urbanus
457 1349 550 1387 sac„
577 1336 583 1392 Ι
610 1336 656 1377 L.
678 1337 843 1377 Nutrius
863 1335 1007 1376 Valens
1037 1336 1121 1375 iun.
1152 1348 1368 1390 (sequuntur
1392 1346 1466 1379 alia
1482 1348 1629 1379 nomina
1653 1349 1799 1382 circiter
1813 1352 1956 1393 septua-

236 1403 377 1448 ginta).

356 1460 532 1504 Philippis
560 1471 632 1494 non
658 1461 764 1502 longe
788 1471 810 1493 a
838 1461 980 1494 theatro
1003 1462 1044 1493 in
1059 1470 1150 1504 rupe
1167 1460 1365 1502 laevigata,
1389 1457 1492 1499 infra
1516 1460 1718 1494 aediculam
1742 1465 1779 1494 et
1799 1464 1916 1505 ipsam
1939 1474 1958 1495 c

241 1519 332 1560 rupe
362 1518 520 1550 excisam
552 1517 627 1560 (III
645 1517 717 1551 655
747 1517 858 1553 deser.
883 1517 1026 1561 Heuzey
1056 1518 1203 1550 mission
1228 1516 1270 1549 de
1293 1514 1504 1550 Macedoine
1520 1527 1561 1560 p.
1584 1517 1626 1551 70
1641 1521 1742 1561 seq).
1788 1519 1957 1553 Aliarum

241 1575 398 1607 duarum
420 1574 709 1616 inscriptionum,
734 1584 825 1616 quae
846 1576 994 1607 nomina
1015 1574 1167 1617 propria
1193 1575 1333 1606 tantum
1357 1574 1598 1617 continebant,
1621 1575 1742 1608 eodem
1767 1575 1844 1609 loco
1867 1577 1958 1610 inci-

241 1640 366 1663 sarum
390 1630 565 1673 reliquias
589 1630 728 1663 laceras
753 1631 869 1665 omisi.
893 1649 939 1655 -
964 1631 997 1673 1)
1025 1629 1178 1673 regulas
1203 1633 1312 1663 lectas
1334 1628 1448 1670 fuisse
1471 1642 1555 1664 aere
1578 1633 1732 1665 coniecit
1751 1632 1958 1668 Mommsen.

240 1706 287 1711 —
317 1688 353 1730 2)
378 1685 543 1720 Herculis
567 1689 603 1719 et
625 1686 803 1720 Mercurii
833 1689 940 1730 signa
971 1687 1081 1720 simul
1112 1686 1278 1720 dedicata
1311 1687 1417 1720 habes
1449 1689 1557 1720 eliam
1587 1698 1698 1731 supra
1721 1688 1768 1724 N.
1789 1690 1888 1724 5400.
1913 1709 1955 1715 --

243 1744 278 1784 3)
309 1743 388 1777 Ser.
410 1743 445 1776 ἒξ
467 1742 491 1776 L
517 1745 586 1784 (sic
610 1742 785 1783 Hirschfi)
812 1744 932 1778 mortis
956 1754 1038 1777 suae
1064 1752 1178 1777 causa.
1202 1762 1248 1767 -
1271 1744 1307 1784 4)
1333 1743 1535 1778 Sacerdote.

356 1822 470 1868 5467
519 1824 719 1864 Fortunae
749 1821 1040 1880 Primig[eniae]
1069 1822 1076 1879 Ι
1102 1825 1263 1876 signum
1284 1824 1438 1865 Liberis
1463 1830 1547 1874 (sie)
1578 1821 1730 1882 pa[tris]
1757 1822 1764 1881 Ι
1792 1826 1957 1866 Panthei

243 1905 334 1933 cum
366 1892 448 1933 suis
477 1889 681 1948 par[er9is]
711 1891 716 1947 Ι
745 1898 784 1932 et
804 1892 1013 1945 cupidines
1033 1892 1069 1932 ΙΙ
1100 1904 1192 1932 cum
1212 1892 1294 1932 suis
1320 1893 1554 1946 lychnuchis
1583 1900 1623 1933 et
1652 1923 1662 1933 .
1680 1923 1690 1933 .
1710 1924 1719 1934 .
1737 1924 1747 1933 .
1775 1893 1781 1949 Ι
1809 1894 1860 1934 Μ.
1882 1894 1956 1934 Ρο-

243 1961 360 2013 pilius
391 1960 442 2000 M.
473 1961 500 2000 f.
530 1960 722 2013 Trophim
746 1990 755 1999 .
779 1990 789 2000 .
812 1990 822 2000 .
845 1991 855 2001 .
889 1957 951 2017 [et]
979 1960 986 2015 Ι
1013 1960 1166 2013 Popilia
1196 1960 1359 2001 Chreste
1390 1961 1457 2001 lib.
1489 1968 1528 2001 et
1557 1958 1708 2019 Atili[a]
1737 1991 1878 2002 .....

357 2029 549 2060 Praeneste
573 2027 676 2067 (XIV
696 2028 787 2061 2865
811 2028 982 2060 viderunt
1005 2028 1159 2061 Smetius
1184 2027 1349 2072 aliique).

358 2107 471 2154 5468
516 2109 567 2149 Μ.
590 2109 809 2150 Plaetorius
838 2109 890 2149 M.
921 2109 946 2148 l.
978 2108 1094 2157 Eros,
1122 2107 1127 2162 Ι
1162 2110 1212 2150 Μ.
1235 2110 1398 2151 Anicius
1428 2110 1478 2150 M.
1510 2110 1535 2152 l.
1565 2110 1722 2150 Primus
1748 2108 1755 2164 Ι
1781 2109 1958 2162 magistri

246 2179 339 2217 sano
371 2177 633 2217 contermini¹
660 2175 667 2232 Ι
693 2177 801 2218 dono
832 2177 1046 2227 lycnucum
1077 2177 1184 2218 dant.

357 2242 507 2287 Romae,
539 2244 671 2277 tabella
696 2255 801 2278 aerea
833 2243 907 2289 (VI
924 2245 988 2277 844
1018 2245 1111 2278 vidit
1135 2244 1339 2290 Kiessling).
1376 2263 1421 2269 —
1458 2246 1490 2287 1)
1520 2245 1701 2278 Marinius
1723 2245 1810 2278 Arc.
1831 2254 1868 2287 p.
1889 2244 1957 2278 504

243 2301 437 2343 magistros
462 2301 578 2333 credit
604 2302 695 2344 pagi
720 2301 906 2334 cuiusdam
930 2300 1020 2341 fano
1045 2304 1272 2336 contermini.

361 2380 473 2427 5469
525 2382 656 2423 Pietas
693 2380 910 2439 Sec[un])di
944 2384 1182 2433 contuber.¹‚
1222 2384 1354 2436 mag.²‚
1389 2383 1395 2438 Ι
1430 2395 1565 2422 arcum
1597 2389 1635 2422 et
1664 2377 1957 2435 candellabrum

245 2449 391 2490 lunoni
417 2447 424 2505 Ι
451 2450 488 2489 d.
519 2462 551 2489 s.
583 2450 621 2490 d.
653 2451 690 2490 d.

353 2516 567 2559 Saponarae
582 2518 622 2550 in
639 2517 814 2560 Lucania,
838 2519 901 2550 ubi
916 2516 991 2557 fuit
1010 2518 1245 2552 Grumentum
1263 2516 1315 2561 (Χ
1326 2518 1396 2552 202
1413 2517 1506 2550 vidit
1520 2516 1742 2558 Mommsen).
1754 2534 1800 2540 —
1819 2517 1852 2558 1)
1870 2515 1957 2549 Con·

246 2573 455 2607 lucernalis.
479 2592 524 2598 ——
548 2575 583 2613 2)
608 2573 797 2615 Magistra.

388 2652 501 2698 5470
548 2655 622 2695 deo
644 2651 790 2710 M[erc.]
813 2656 912 2707 Aug.
940 2655 948 2704 Ι
974 2653 1243 2712 sacerdote[s]‚
1280 2656 1346 2707 qui
1373 2653 1379 2710 Ι
1406 2661 1446 2695 et
1474 2664 1686 2708 personam
1716 2649 1957 2707 arlgenteam

246 2729 284 2760 et
315 2719 562 2776 canldelabra
593 2735 706 2763 aerea
747 2722 754 2777 Ι
797 2729 836 2762 et
864 2723 1048 2764 lucernas
1078 2724 1126 2765 de
1155 2722 1241 2780 sluo
1272 2725 1468 2772 fecerunt,
1499 2716 1644 2776 qu0[r.]
1682 2719 1688 2775 Ι
1721 2721 1886 2761 nomina
1915 2722 1957 2762 in

246 2787 411 2845 prolnao
443 2791 589 2843 scripta
610 2797 715 2840 sunt,
742 2790 748 2844 Ι
775 2790 879 2831 hanc
900 2803 1061 2844 quoque
1088 2789 1094 2845 Ι
1121 2798 1288 2832 statuam
1313 2804 1361 2832 ex
1379 2788 1447 2830 Hs
1467 2789 1499 2828 V
1524 2790 1531 2840 Ι
1557 2788 1637 2828 mil.
1661 2801 1701 2828 n.
1723 2787 1959 2845 posuelrunt

247 2864 285 2896 et
316 2858 404 2897 ded.

360 2924 518 2958 Henchir
541 2925 631 2967 Bez,
655 2926 708 2958 ibi
731 2926 794 2958 ubi
817 2924 864 2960 N.
879 2926 965 2959 5441
992 2925 1101 2966 (VIII
1123 2925 1158 2959 S.
1175 2925 1282 2959 4200!
1309 2924 1400 2958 vidit
1425 2923 1593 2966 Cagnal).

361 3002 469 3049 5471
522 3005 581 3045 Ti.
610 3005 813 3046 Bervenus
843 3006 902 3046 Ti.
933 3007 960 3046 f.
992 3006 1163 3047 Sabinus
1193 3006 1324 3047 llllvir
1354 3005 1437 3045 aed.
1465 3003 1471 3059 Ι
1506 2994 1682 3057 μοιπῑ,
1721 3013 1958 3046 testamento

248 3070 390 3123 legavit
419 3070 701 3127 municipilhus
721 3073 884 3126 Reginis
905 3073 994 3114 lul.²
1023 3074 1064 3113 in
1091 3081 1306 3126 prytanaeo
1337 3079 1505 3114 statuam
1532 3071 1538 3128 Ι
1565 3075 1745 3114 aeream³
1773 3073 1958 3134 Mercuri,
