2092 3360
195 143 309 181 'rituli
333 143 558 191 pertinentes
581 144 629 181 ad
653 143 771 180 ludos.
789 164 834 169 —
864 143 899 180 S.
918 154 950 180 c.
967 144 1013 180 de
1031 143 1235 189 sumptibus
1256 143 1425 180 ludorum
1441 143 1750 189 gladiatoriorum.
1823 144 1907 183 313

194 260 307 313 sequi
346 272 388 300 se
425 259 677 313 oportebiw,
723 260 748 299 ii
780 260 917 308 etiam,
963 259 1031 312 qui
1064 272 1144 300 nou
1176 260 1315 300 sortito
1353 260 1578 312 provincias
1617 258 1623 316 Ι
1666 261 1734 313 (55)
1753 269 1906 314 regant,

195 330 297 370 intra
329 341 492 369 annum.

309 397 379 448 (56)
400 397 457 438 Ad
490 397 632 439 Gallias
661 397 772 438 sedet
802 397 1038 450 princeps⁸⁹‚
1079 396 1146 449 qui
1177 396 1216 436 iu
1250 395 1473 437 civitatibus
1502 396 1906 449 splendidissimarum

197 465 410 506 Galliarum
453 466 573 507 veteri
617 478 729 506 more
775 474 814 505 et
851 477 963 506 sacro
1008 465 1088 505 ritu
1134 470 1406 516 expectantur,
1451 477 1502 504 ne
1544 465 1735 518 ampliore
1780 466 1908 519 pretio

199 533 267 587 (57)
280 534 447 575 lanistae
469 535 699 588 praebeant,
722 546 838 586 quam
862 532 967 574 binis
988 532 1195 581 milibus⁶⁰‚
1217 545 1306 573 cum
1328 532 1486 572 maximi
1507 533 1709 586 principes
1728 535 1908 575 oratione

196 615 266 643 sua
299 602 584 655 praedixerint,
625 603 710 643 fore
741 609 786 642 ut
815 602 1040 642 damnatum
1072 602 1118 641 ad
1149 601 1358 653 gladium⁶¹
1385 600 1391 654 Ι
1419 601 1485 654 (58)
1504 607 1739 654 procurator
1768 615 1906 644 eorum

198 671 273 711 nisi
306 671 419 724 plure
451 683 568 723 quam
601 683 669 711 sex
699 670 830 710 aureis
861 677 900 710 et
930 671 1005 711 nisi
1036 669 1274 710 iuraverit⁶².

311 739 378 792 (59)
397 738 629 779 Sacerdotes
659 750 818 791 quoque
849 738 1155 791 provinciarum,
1186 737 1332 790 quibus
1363 733 1546 793 nul¹u[m]
1579 735 1699 795 cu[m]
1723 739 1910 780 lanistis⁶⁸

199 805 420 864 nego[tium
461 803 571 862 eri]t,
611 806 847 859 gladiatores
885 819 904 846 a
945 805 1146 859 prioribus
1177 804 1449 846 sacerdotibus
1486 803 1582 861 susl-
1595 805 1665 860 (60)
1683 814 1820 860 ceptos
1848 808 1909 848 vel

196 876 356 917 sibimet
386 881 611 916 auctoratos
641 874 854 927 recipiunt,
885 881 924 915 at
953 881 1045 927 post
1075 870 1350 930 editi[o]ne[m]
1371 886 1418 914 ex
1438 870 1598 930 p[re]tio
1629 875 1668 915 in
1691 876 1908 916 succeden-

198 951 260 986 tes
298 940 584 1001 tra[mi]t[t]unt
629 955 759 995 neque
798 942 1024 994 singulatim
1061 941 1231 994 aliquem
1273 939 1278 996 Ι
1320 942 1387 992 (61)
1408 942 1465 982 rei
1503 943 1755 995 gladiatoriae
1793 956 1908 985 causa

197 1013 343 1053 vendat
372 1013 487 1065 plure
518 1024 636 1065 quam
666 1011 819 1052 lanistis
850 1019 909 1052 est
936 1010 1107 1064 pretium
1136 1010 1432 1063 persolutum⁶⁴.

316 1081 386 1132 (62)
403 1080 440 1121 ls
465 1087 609 1127 autem,
641 1078 709 1131 qui
739 1085 834 1132 aput
862 1078 1067 1119 tribunum
1099 1078 1229 1131 plebei
1261 1091 1295 1118 c.
1326 1091 1362 1120 v.
1392 1085 1535 1131 sponte
1564 1080 1612 1119 ad
1642 1079 1907 1121 dimicandum

199 1148 503 1202 profitebiturss,
534 1160 623 1188 cum
654 1146 796 1187 haheat
827 1159 874 1187 ex
903 1147 991 1200 lege
1020 1147 1191 1200 pretium
1224 1148 1301 1187 duo
1331 1147 1448 1193 milia,
1478 1147 1668 1188 liberatus
1697 1148 1730 1188 si
1759 1146 1908 1204 discril-

197 1218 265 1269 (63)
281 1229 373 1258 men
405 1215 694 1263 instauraverit,
735 1214 951 1256 aestimatio
983 1215 1067 1256 eius
1096 1221 1187 1268 post
1215 1215 1289 1255 hac
1319 1215 1396 1256 Hs
1421 1216 1492 1255 Xll
1528 1229 1608 1256 non
1640 1215 1813 1256 excedat.
1873 1217 1910 1258 Is

197 1298 358 1339 quoque
389 1285 457 1338 qui
490 1284 627 1325 senior
655 1289 774 1335 atque
805 1282 990 1323 inabilior
1025 1296 1185 1338 operam
1216 1296 1327 1325 suam
1358 1284 1490 1325 denuo
1518 1282 1524 1338 Ι
1552 1314 1692 1324 .....

313 1364 428 1407 Prope
450 1363 614 1396 Italicam
637 1362 805 1395 Baeticae
834 1371 909 1405 rep.
934 1373 968 1397 a.
993 1362 1092 1405 4888,
1123 1363 1246 1396 tabula
1273 1373 1395 1405 aenea,
1427 1365 1501 1396 iam
1523 1362 1668 1396 Matriti
1692 1362 1749 1406 (II
1768 1362 1805 1396 S.
1821 1362 1910 1396 6278

197 1420 244 1463 cf.
263 1431 302 1465 p.
318 1419 426 1455 4056*
456 1420 549 1453 vidit
571 1420 756 1460 Huebner,·
783 1420 942 1463 primum
967 1420 1063 1453 edita
1090 1423 1141 1452 est
1170 1420 1248 1463 eph.
1273 1430 1325 1463 ep.
1347 1419 1369 1453 7
1386 1430 1426 1462 p.
1447 1419 1518 1454 585
1529 1430 1599 1462 seq.
1633 1429 1713 1452 cum
1737 1428 1911 1452 commen-

197 1479 293 1512 tario
317 1476 554 1521 Mommseni).
593 1477 753 1510 Pertinet
778 1476 903 1510 tabula
927 1477 976 1510 ad
989 1479 1204 1510 sententiam
1228 1477 1359 1510 dictam
1384 1488 1406 1509 a
1429 1479 1597 1510 senatore
1619 1476 1793 1520 quodam,
1815 1480 1910 1519 post-

196 1545 303 1579 quam
329 1536 445 1568 oratio
467 1534 676 1578 principum
702 1530 766 1574 (cll
786 1536 860 1567 not.
877 1533 933 1568 42.
950 1534 1012 1578 43)
1038 1534 1082 1567 de
1103 1534 1333 1568 moderandis
1356 1534 1555 1576 sumptibus
1579 1532 1747 1566 ludorum
1767 1533 1910 1575 gladia-

197 1594 375 1626 toriorum
399 1593 439 1625 in
455 1594 585 1624 senatu
608 1592 765 1624 recitata
791 1594 851 1624 est.
891 1590 939 1625 M.
956 1591 1156 1633 Aurelium,
1171 1610 1219 1616 —
1234 1601 1318 1624 nam
1335 1591 1442 1624 huius
1458 1594 1494 1623 et
1507 1590 1588 1632 filii,
1613 1601 1716 1633 quem
1738 1590 1910 1633 collegam

197 1650 268 1683 sibi
283 1649 546 1692 adsumpserat,
569 1648 713 1680 nomine
730 1649 930 1680 orationem
953 1647 1053 1681 illam
1077 1648 1126 1682 ad
1146 1651 1310 1682 senatum
1333 1649 1478 1680 missam
1502 1658 1575 1680 esse
1598 1650 1749 1691 apparet
1772 1658 1819 1680 ex
1840 1658 1874 1683 v.
1890 1648 1911 1681 6

199 1704 265 1750 (cli
284 1708 360 1740 not.
375 1704 428 1750 2),
445 1724 489 1729 -
512 1702 741 1747 ‘gladiatorii
763 1706 923 1737 muneris
944 1708 1107 1748 sumptus
1129 1705 1272 1739 modum
1295 1699 1439 1744 fecisse'
1468 1707 1651 1738 narratur
1672 1706 1712 1738 in
1736 1706 1811 1737 vita
1836 1705 1912 1737 eius

198 1764 253 1803 27,
271 1763 292 1796 6
316 1760 366 1801 cf.
381 1761 433 1802 44,
449 1762 480 1796 4.
497 1780 541 1785 —
569 1762 601 1804 1)
624 1762 788 1804 Apparet
812 1763 956 1794 tertiam
980 1761 1036 1794 vel
1058 1765 1224 1804 quartam
1244 1765 1387 1805 partem
1411 1762 1507 1795 lucri
1523 1763 1738 1795 lanistarum
1752 1760 1839 1802 fisco
1855 1762 1910 1794 in-

195 1818 290 1859 f'erri
306 1818 485 1858 debuisse‚·
511 1819 608 1861 quod
625 1818 796 1860 vectigal,
820 1819 922 1851 nobis
947 1818 1093 1851 aliunde
1116 1820 1293 1861 ignotum,
1317 1818 1462 1852 Marcus
1478 1821 1512 1851 et
1529 1818 1737 1852 Commodus
1759 1817 1910 1851 sustule-

195 1878 293 1909 runt.
319 1894 361 1899 —
388 1876 422 1916 2)
446 1873 527 1908 Luci
553 1874 622 1918 (sic
639 1875 728 1917 legit
743 1875 943 1916 Berlanga,
966 1878 1061 1907 recte
1083 1876 1162 1908 sine
1185 1873 1309 1919 dubio)
1334 1874 1510 1908 Commodi
1534 1885 1666 1908 rasus-a
1690 1877 1910 1917 temptatum.

196 1935 359 1976 Apparet
390 1930 619 1965 Commodum
651 1931 715 1964 illo
747 1934 905 1974 tempore
935 1931 1106 1973 collegam
1133 1932 1250 1974 patris
1279 1933 1319 1963 in
1343 1933 1494 1974 imperio
1518 1930 1653 1972 fuisse;
1686 1929 1762 1971 suit
1790 1934 1910 1964 autem

197 1989 334 2032 collega
357 1989 477 2031 patris
502 1988 545 2021 ab
571 1999 604 2021 a.
621 1988 682 2021 477
707 1988 756 2021 ad
779 1999 811 2021 a.
828 1988 893 2022 480
918 1986 981 2032 (cll
1005 1997 1118 2030 supra
1140 1986 1187 2021 N.
1202 1988 1281 2022 375.
1302 1988 1371 2022 593
1388 1991 1462 2023 not.
1474 1989 1524 2030 4).
1548 2006 1594 2013 -
1618 1989 1651 2030 3)
1675 1988 1805 2021 Fiscus
1826 1997 1911 2021 cau-

199 2049 313 2080 tiones
336 2047 482 2087 eoeigere
504 2044 642 2077 solebat
666 2055 687 2077 a
715 2044 867 2085 lanistis,
891 2044 1049 2087 vectigal
1070 2047 1164 2077 recte
1186 2044 1342 2077 solutum
1365 2046 1426 2078 iri.
1456 2063 1499 2069 —
1531 2046 1566 2087 4)
1590 2044 1669 2079 Ser.
1693 2055 1776 2088 pura
1803 2044 1910 2086 (Bue-

198 2103 343 2144 cheler).
365 2120 411 2126 —-
436 2102 471 2142 5)
495 2102 676 2135 Annuum.
699 2121 746 2126 —
777 2103 810 2143 6)
833 2102 988 2135 2000000
1011 2099 1068 2133 vel
1088 2100 1243 2134 5000000
1266 2103 1346 2134 sest.
1370 2103 1562 2143 quotannis
1584 2101 1711 2142 fiscum
1735 2103 1910 2144 amittere,

200 2158 368 2202 vectigali
390 2159 547 2191 harenae
569 2158 722 2200 sublato,
746 2158 887 2191 indicat
911 2160 1047 2192 orator.
1065 2175 1107 2181 —
1135 2159 1167 2199 7)
1189 2156 1360 2190 Fortasse
1381 2168 1449 2192 scr.
1466 2158 1707 2201 patrimonium
1733 2158 1908 2202 (Bucen).

199 2236 242 2242 —
269 2218 303 2258 8)
328 2215 405 2249 Ser.
429 2215 568 2258 paratis.
596 2233 640 2239 —
672 2216 705 2256 9)
731 2214 870 2248 Eorum
893 2224 986 2258 quae
1009 2214 1168 2247 nondum
1193 2213 1378 2256 persoluta
1401 2218 1509 2248 erant
1528 2218 1667 2258 partem
1690 2215 1911 2248 debitoribus

200 2273 496 2307 condonaverunt
519 2274 764 2315 imperatores.
784 2290 831 2296 —
857 2272 911 2313 10)
938 2270 1200 2313 Intelleguntur
1225 2271 1386 2312 lanistae,
1410 2273 1488 2305 sine
1512 2273 1640 2316 quibus
1661 2282 1813 2305 munera
1830 2272 1910 2315 ple-

199 2340 349 2373 rumque
365 2328 424 2361 edi
439 2338 512 2362 non
527 2330 708 2371 poterant.
720 2346 765 2352 -
792 2328 847 2370 11)
863 2327 1035 2360 Fortasse
1049 2332 1118 2362 scr.
1136 2327 1279 2371 emergit
1296 2327 1502 2372 (Hirschfi).
1515 2347 1561 2353 —
1587 2330 1642 2371 12)
1665 2329 1719 2361 De
1737 2330 1909 2362 orationi-

202 2388 276 2428 bus,
307 2389 350 2420 ut
373 2386 592 2426 dicebantur,
621 2386 697 2417 sive
722 2384 853 2417 litteris
871 2385 1082 2428 principum
1105 2386 1223 2417 missis
1247 2385 1295 2417 ad
1315 2389 1477 2418 senatum
1501 2384 1604 2430 (Tac.
1627 2396 1709 2419 ann.
1727 2386 1763 2426 5,
1784 2386 1839 2419 56.
1854 2385 1908 2419 57.

199 2445 250 2487 46,
265 2445 301 2485 7)
325 2444 447 2487 ibique
461 2453 527 2485 per
543 2443 766 2485 quaestorem
783 2443 964 2485 principis
985 2442 1135 2474 recitari
1149 2441 1267 2474 solitis
1284 2441 1362 2485 (vit.
1380 2442 1491 2476 Hadr.
1506 2443 1532 2476 5
1549 2442 1628 2486 cet.)
1654 2441 1702 2481 cll
1717 2441 1910 2475 Mommsen

200 2502 355 2536 Staatsr.
381 2499 442 2533 11³
462 2510 498 2543 p.
513 2500 591 2533 899.
622 2518 666 2524 —
701 2499 756 2540 13)
780 2499 944 2541 Apparet
967 2500 1104 2541 tempus
1128 2498 1306 2541 quoddam
1330 2500 1568 2531 intercessisse
1590 2501 1686 2531 inter
1711 2500 1910 2531 orationem

200 2561 458 2602 imperatorum
489 2558 678 2589 recitatam
710 2555 767 2588 vel
791 2554 932 2598 publici
962 2556 1054 2588 iuris
1081 2553 1236 2597 factam,
1271 2558 1306 2588 et
1334 2557 1546 2588 sententiam
1576 2556 1669 2588 hanc
1698 2555 1840 2588 dictam.
1864 2574 1910 2580 —

203 2617 259 2658 14)
283 2614 547 2656 Intelleguntur
568 2612 769 2646 sacerdotes
784 2610 917 2645 Romae
933 2614 966 2644 et
980 2611 1139 2654 Augusti
1161 2623 1182 2645 a
1200 2613 1316 2645 tribus
1334 2612 1460 2646 Galliis
1484 2613 1614 2653 creati,
1638 2610 1687 2651 cf.
1705 2610 1912 2652 Hirschfeld

203 2671 237 2706 C.
251 2672 278 2705 Ι.
290 2671 332 2705 L.
356 2670 447 2704 XIII
462 2681 499 2713 p.
515 2670 598 2704 228.
633 2670 794 2712 Apparet
808 2670 848 2701 in
868 2667 984 2701 Gallia
1008 2669 1231 2711 potissimum
1248 2672 1334 2702 tunc
1350 2670 1519 2712 temporis
1540 2671 1701 2711 sumptus
1721 2678 1910 2702 munerum

199 2728 505 2771 gladiator-iorum
520 2737 630 2769 supra
648 2726 791 2760 modum
809 2726 968 2759 crevisse.
1000 2724 1161 2758 Ceterum
1174 2725 1223 2758 ad
1236 2724 1370 2759 Gallias
1386 2726 1534 2768 respicit
1545 2728 1670 2758 orator
1685 2727 1793 2758 etiam
1806 2723 1908 2766 infra

202 2795 234 2817 v.
245 2785 300 2818 56.
314 2803 359 2808 —
387 2785 442 2826 15)
465 2782 649 2817 Nimirum
671 2782 749 2816 ludi
768 2781 1001 2825 gladiatorii,
1027 2783 1090 2825 qui
1114 2793 1135 2815 a
1158 2783 1403 2816 sacerdotibus
1422 2780 1621 2814 Galliarum
1645 2783 1838 2825 quotannis
1853 2782 1911 2814 edi

203 2840 393 2883 debebant,
422 2843 571 2884 propter
592 2843 755 2883 sumptus
780 2842 919 2872 tantum
943 2848 1034 2872 onus
1060 2840 1273 2882 patrimonii
1302 2839 1578 2879 constituerant,
1607 2842 1649 2871 ut
1670 2839 1910 2872 sacerdotium

204 2897 388 2931 molestum
410 2897 514 2939 fieret
538 2899 573 2930 et
591 2907 664 2930 non
688 2899 816 2940 pauci,
846 2905 926 2928 cum
951 2896 1064 2928 creati
1092 2898 1204 2928 essent
1223 2895 1440 2935 sacerdotes,
1471 2894 1511 2927 id
1539 2893 1778 2927 detrectarent
1806 2897 1840 2926 et
1863 2895 1912 2927 ad

204 2955 437 2997 imperatores
457 2957 699 2998 provocarent
725 2952 793 2994 (cf.
810 2952 1002 2987 Mommsen
1026 2953 1103 2995 eph.
1120 2962 1173 2995 ep.
1187 2952 1209 2986 7
1223 2963 1258 2995 p.
1273 2952 1352 2986 405.
1366 2952 1460 2992 405).
1482 2969 1529 2975 —-
1553 2951 1608 2993 16)
1631 2949 1910 2994 ‘Appellationes

205 3020 295 3052 quae
308 3011 356 3044 ad
366 3011 568 3044 sacerdotia
579 3005 777 3054 pertinent'
794 3012 968 3044 memorat
979 3020 1144 3053 papyrus
1160 3011 1232 3041 iam
1245 3008 1485 3042 Berolinensis
1496 3009 1585 3050 Aeg.
1600 3007 1683 3044 Urk.
1696 3007 1735 3040 11
1744 3018 1777 3041 n.
1789 3008 1909 3041 628=

206 3066 323 3101 Herm.
335 3067 483 3110 32,65'5.
495 3087 542 3093 —
562 3070 615 3110 17)
634 3066 688 3107 Cf:
709 3070 781 3101 not.
794 3068 848 3101 15.
860 3086 906 3092 —
926 3067 979 3108 18)
998 3066 1092 3099 Haec
1108 3067 1224 3099 minus
1240 3068 1322 3109 apte
1335 3066 1454 3108 posita
1471 3066 1515 3098 ab
1533 3067 1687 3107 oratore,
1704 3063 1750 3104 cl'.
1763 3063 1909 3097 Momm-
