2092 3360
498 161 612 198 Tituli
637 171 789 208 operum
811 160 1048 206 locorumque
1070 160 1312 206 publicorum.
1337 181 1382 186 —
1406 160 1558 198 Balnea.
1801 162 1887 200 405

176 278 252 319 liu's
282 277 416 319 Aviola
447 277 558 326 cos.⁸,
604 276 748 318 bonor.
778 277 1016 331 possessor.⁴
1052 275 1059 331 Ι
1101 276 1324 318 Dolabellae
1355 277 1563 327 Metiliani,
1602 277 1643 318 in
1674 277 1750 318 hoc
1791 290 1893 331 opus

175 346 374 387 dederunt
388 346 453 387 HS
475 352 645 386 centena
666 345 748 386 mil.
766 359 806 386 n.
834 345 840 399 Ι
866 346 946 386 Res
966 358 1007 399 p.
1030 351 1070 386 et
1090 345 1263 399 populus
1284 345 1542 387 Corfiniensis
1562 346 1662 387 datis
1682 346 1748 387 HS
1769 345 1894 388 CLll'·

177 428 217 455 n.
249 414 558 463 consummavit,
590 426 726 455 curam
758 419 902 466 agente
926 411 933 468 Ι
961 410 1022 470 [G.
1043 410 1158 470 Alfio]
1189 414 1234 454 T.
1266 415 1292 454 f.
1324 414 1410 455 Ser.
1442 414 1641 455 Maximo.⁸

293 481 446 523 Corfinii
468 492 544 525 rep.
577 480 648 524 (IX
666 481 760 516 3452
792 481 883 514 vidit
911 480 1056 514 Dressel
1083 484 1230 525 praeter
1256 484 1379 525 partes
1403 481 1540 514 medias
1562 481 1791 525 singulorum
1815 491 1892 515 ver-

174 538 309 582 suum).
327 557 370 562 —
399 539 431 579 1)
454 537 628 571 Fortasse
651 537 752 578 filius
776 538 813 573 P.
831 536 990 572 Cornelii
1004 538 1211 572 Dolabellae
1227 539 1440 572 Petroniam·
1463 538 1620 571 consulis
1643 550 1677 575 a.
1690 549 1727 582 p.
1745 538 1826 573 Chr.
1838 539 1893 576 86.

175 594 296 635 frater
321 595 358 629 Ρ.
377 594 536 629 Cornelii
550 594 760 628 Dolabellae
776 593 958 628 Metiliani
974 594 1134 638 Pompeii
1149 594 1316 628 Marcelli
1337 605 1449 639 supra
1468 594 1515 628 N.
1531 595 1628 630 4049.
1673 595 1895 630 Memor-atur

172 655 361 695 praeterea
385 653 425 684 in
449 649 656 694 fragmento
682 651 781 684 tituli
811 652 896 685 item
926 651 977 685 ad
998 652 1163 685 balneum
1188 650 1406 692 Corfiniense
1429 654 1647 695 pertinentis
1671 652 1723 686 IX
1742 652 1837 687 3155
1859 655 1895 685 et

176 711 216 742 in
241 712 265 743 t.
288 709 430 742 urbano
454 708 508 742 VI
528 708 645 743 46450.
693 708 846 751 Quando
869 708 996 742 consul
1016 706 1144 750 fuerit,
1166 709 1356 742 incertum.
1380 727 1427 733 —
1460 710 1496 752 2)
1520 709 1555 742 Is
1577 711 1641 752 qui
1662 708 1738 750 fuit
1769 709 1896 743 consul

176 776 210 801 a.
227 765 303 808 408,
341 767 377 809 3)
402 766 527 799 consul
549 776 582 799 a.
604 765 686 801 422.
721 784 767 789 —-
803 765 838 807 4)
862 765 1047 798 Bonorum
1076 775 1314 808 possessores,
1346 767 1484 799 scilieet
1503 769 1587 810 post
1607 770 1759 801 mortem
1786 766 1893 800 Dola-

177 822 298 858 bellae.
321 842 367 847 —
391 823 425 864 5)
448 821 657 856 Sestertium
674 825 814 856 eentum
832 823 1098 865 quinquaginta
1115 821 1254 856 duobus
1270 822 1459 868 (milibus).
1480 842 1526 848 -
1552 825 1586 867 6)
1611 823 1822 868 Suppletum
1847 835 1894 858 ex

176 878 230 913 IX
248 880 351 914 3085.
374 879 475 914 5168.

291 945 402 994 5677
451 962 484 990 s.
515 927 766 989 osbalneum
797 948 1031 989 Clodianum
1073 946 1078 1003 Ι
1119 954 1295 1002 emptum
1337 961 1427 990 cum
1467 950 1549 990 suis
1588 951 1761 992 aedificis
1799 950 1806 1006 Ι
1847 964 1895 991 ex

176 1018 347 1071 pecunia
377 1017 580 1070 Augustal.
604 1015 686 1057 ·fls
709 1022 802 1064 bun
820 1016 845 1065 ¹,
886 1015 894 1070 Ι
935 1016 983 1063 Q.
1014 1017 1163 1057 Minuci
1193 1017 1318 1066 lkari,
1355 1014 1361 1072 Ι
1403 1017 1445 1058 C.
1476 1018 1607 1058 Aufilli
1639 1019 1790 1067 Suavis,
1818 1017 1825 1073 Ι
1852 1019 1893 1060 C.

177 1086 322 1127 Aiscidi
342 1085 516 1139 Lepofis,
546 1083 552 1139 Ι
577 1085 625 1125 Ν.
646 1084 827 1125 Herenni
849 1085 1005 1138 Optati,
1031 1087 1038 1138 Ι
1073 1085 1126 1126 Μ.
1148 1085 1266 1126 Caedi
1288 1085 1477 1135 Chilonis,
1503 1085 1509 1141 Ι
1537 1087 1587 1128 Μ.
1611 1087 1725 1128 Ovini
1746 1087 1893 1129 Fausti.

296 1152 408 1186 Teani
444 1151 496 1197 (X
515 1152 601 1187 4792
631 1151 725 1185 vidit
748 1151 970 1195 Mommsen).
1005 1172 1051 1178 —
1089 1154 1121 1195 1)
1148 1152 1357 1187 Sestertium
1383 1153 1598 1199 (nummum)
1623 1154 1768 1188 milibus
1790 1165 1894 1188 sexa-

173 1213 292 1253 ginta.
341 1209 505 1252 Singulis
534 1208 796 1251 Augustalibus
826 1209 918 1242 dena
947 1210 1050 1243 milia
1076 1220 1148 1253 pro
1180 1221 1220 1243 eo
1244 1211 1380 1244 honore
1409 1211 1579 1244 solvenda
1602 1209 1718 1251 fuisse
1742 1212 1896 1245 coniecit

115 1273 129 1285 ‘-
177 1267 387 1301 Mommsen.

289 1346 406 1394 5678
453 1380 463 1390 .
486 1379 496 1389 .
526 1347 602 1389 sibi
633 1354 673 1388 et
701 1348 755 1387 fil.
787 1360 860 1388 suo
891 1344 1116 1404 Nel[p]0[t]i
1148 1360 1195 1388 ex
1226 1347 1302 1391 HS
1321 1339 1391 1389 ῖῖ
1410 1350 1451 1390 fi.
1481 1349 1579 1401 poni
1603 1349 1716 1390 iussit
1741 1348 1748 1403 Ι
1775 1355 1814 1389 et
1843 1349 1895 1389 ob

176 1417 424 1458 dedicatione
454 1429 589 1458 earum
616 1414 622 1472 Ι
656 1416 741 1457 dec.
760 1414 799 1456 Ξ
816 1416 885 1466 V¹‚
916 1416 1039 1456 Vlvir.
1066 1416 1102 1457 X
1122 1416 1198 1465 111,
1230 1417 1334 1470 pleb.
1354 1416 1390 1457 X
1410 1417 1444 1457 11
1469 1419 1477 1468 Ι
1512 1417 1595 1457 dari
1626 1418 1762 1467 iussit;
1801 1418 1895 1458 item

175 1485 338 1538 reliquit
364 1483 370 1539 Ι
397 1485 444 1525 ad
476 1485 625 1526 balinei
655 1484 803 1525 fabrica
833 1485 893 1525 rei
923 1498 963 1537 p.
990 1484 998 1539 Ι
1024 1485 1100 1525 Tif.
1133 1484 1239 1525 Τίὶ).2
1269 1484 1352 1528 ffs
1373 1475 1444 1527 ff
1475 1486 1546 1533 fi.³.
1578 1498 1679 1538 quae
1710 1499 1758 1527 ex
1789 1484 1896 1541 senl-

175 1554 300 1594 tentia
330 1554 471 1594 Aemili
500 1553 718 1594 Frontonis
748 1553 756 1606 Ι
784 1553 832 1593 cl.
862 1553 962 1603 virs,
1002 1559 1139 1606 postea
1170 1553 1314 1594 deinde
1345 1555 1434 1594 Arri
1459 1553 1466 1609 Ι
1494 1554 1713 1594 Antonini³
1743 1555 1792 1595 cl.
1823 1555 1894 1598 vir.

177 1622 235 1662 rei
266 1634 305 1675 p.
335 1622 410 1663 Tis.
441 1622 530 1662 Tib.
571 1620 578 1676 Ι
619 1620 669 1661 ab
702 1621 860 1674 Cipellis
890 1622 1106 1663 Profuturo
1137 1627 1177 1662 et
1205 1619 1430 1677 Pilcentino
1470 1623 1553 1662 ber.
1594 1629 1632 1663 et
1661 1623 1709 1663 ab
1740 1624 1896 1664 Arrun-

178 1690 231 1729 tia
256 1687 264 1743 Ι
289 1690 506 1742 Ampiana⁶
543 1691 628 1731 her.
659 1690 825 1731 Arrunti
857 1688 1057 1746 Granialni
1099 1696 1306 1731 numerata
1336 1698 1445 1733 sunt.
1506 1691 1600 1731 Her.
1631 1704 1790 1744 posuer.
1818 1690 1824 1746 Ι
1851 1691 1896 1733 L.

179 1758 218 1797 d.
249 1757 286 1797 d.
318 1757 358 1796 d.

298 1823 438 1864 Tiferni
464 1823 626 1858 Tiberini
649 1823 765 1870 (Cina
788 1826 827 1859 cli
852 1824 1019 1870 Castello)
1044 1828 1084 1859 in
1099 1826 1256 1861 -Umbria
1289 1825 1357 1870 (XI
1378 1827 1470 1860 5959
1485 1843 1531 1856 =
1551 1826 1652 1860 Grut.
1668 1827 1780 1869 494,5
1803 1827 1899 1860 vidit

179 1880 393 1925 Bormann).
428 1900 474 1905 —
512 1882 545 1924 1)
567 1881 833 1916 Decurionibus
862 1882 1031 1916 denarios
1055 1884 1192 1925 quinos.
1230 1901 1276 1907 —-
1311 1884 1348 1923 2)
1372 1882 1438 1916 Rei
1458 1883 1626 1926 publicae
1654 1881 1896 1923 Tifer-natium

185 1937 447 1972 Tiberinorum.
470 1956 515 1962 —
541 1940 576 1981 3)
600 1938 813 1972 Sestertium
836 1942 977 1972 eentum
1001 1940 1269 1983 quinquaginta
1293 1940 1396 1972 milia
1420 1950 1617 1975 nummum.
1641 1957 1683 1963 —-
1706 1940 1740 1981 4)
1767 1939 1896 1974 Claris-

179 1996 264 2028 simi
286 1996 367 2028 viri.
392 2013 436 2019 —
461 1995 495 2036 5)
520 1993 574 2034 cr.
598 1994 644 2028 Ν.
660 1995 758 2029 4448.
781 2015 825 2020 -
855 1997 889 2037 6)
913 1996 1050 2029 Eadem
1073 1999 1296 2029 memoratur
1319 1995 1372 2029 ΧΙ
1390 1997 1489 2030 5940.

295 2073 409 2120 5679
457 2075 502 2115 Τ.
525 2075 664 2117 Varius
695 2077 740 2117 T.
771 2077 796 2116 f.
828 2077 912 2117 Pol.
934 2077 1104 2117 Rufinus
1130 2075 1136 2132 Ι
1163 2077 1363 2130 Geganius
1394 2076 1605 2117 Facundus
1625 2077 1762 2118 Vibius
1791 2077 1896 2118 Mar-

181 2144 349 2185 cellinus
375 2144 382 2197 Ι
408 2155 511 2196 equo
543 2144 665 2197 publ„
708 2145 1049 2197 quinquennalia„
1081 2146 1244 2186 nomine
1276 2158 1348 2186 suo
1380 2151 1420 2184 et
1446 2142 1452 2198 Ι
1478 2145 1523 2185 Τ.
1548 2145 1636 2185 Vari
1669 2145 1795 2199 Longi
1826 2146 1895 2186 filii

181 2212 242 2253 sui
270 2209 276 2265 Ι
301 2212 501 2252 balineum
531 2215 553 2252 a
584 2212 628 2252 L.
650 2212 821 2253 Rufellio
842 2214 1010 2254 Severo¹
1042 2226 1079 2266 p.
1102 2226 1156 2266 p.‚
1176 2214 1258 2260 tr.,²
1287 2214 1448 2262 factum,
1476 2212 1483 2266 Ι
1510 2214 1616 2266 quod
1647 2216 1712 2254 res
1735 2213 1895 2267 publiea

180 2285 202 2321 a
235 2293 338 2321 novo
370 2281 580 2329 refecerat,
617 2280 803 2322 incendio
835 2295 882 2322 ex
913 2283 1078 2322 maxima
1110 2289 1220 2335 parte
1247 2279 1253 2337 Ι
1280 2284 1561 2335 consumptum
1592 2281 1781 2334 operibus
1811 2295 1894 2322 am-

182 2349 312 2402 pliatis
341 2361 428 2401 pec.
458 2361 529 2389 sua
560 2348 742 2389 restituit.

295 2416 395 2450 Fani
417 2417 458 2448 in
486 2414 628 2450 Umbria
654 2415 724 2459 (XI
741 2417 834 2451 6225
858 2433 903 2446 =
929 2417 1036 2451 Orell.
1059 2418 1150 2452 5890
1174 2417 1267 2451 vidit
1288 2417 1503 2461 Bormann).
1526 2436 1572 2441 ——
1605 2418 1638 2458 1)
1662 2416 1723 2449 Aa
1744 2416 1893 2449 eundem

183 2473 329 2506 videtur
350 2474 534 2515 pertinere
559 2473 688 2506 titulus
710 2474 862 2506 mutilus
884 2473 938 2507 XI
956 2475 1059 2508 6224.
1083 2493 1125 2499 —
1159 2475 1193 2515 2)
1215 2474 1460 2516 Primopilari,
1484 2475 1642 2507 tribuno.

298 2553 413 2600 5680
460 2555 603 2595 honori
631 2554 636 2609 Ι
664 2555 710 2601 Q.
732 2555 870 2595 Soloni
900 2555 995 2595 Fabi
1024 2556 1200 2596 Severini
1232 2569 1264 2599 e.
1299 2569 1347 2605 v.‚
1376 2555 1381 2609 Ι
1408 2557 1460 2595 ob
1491 2556 1632 2595 merita
1663 2555 1748 2594 eius
1778 2566 1893 2606 prae-

186 2623 298 2663 terita
328 2628 368 2663 et
392 2622 399 2676 Ι
427 2629 679 2676 praesentem
704 2622 976 2663 liberalitatem
1005 2621 1011 2677 Ι
1037 2636 1117 2676 quo
1139 2624 1331 2665 maturius
1362 2623 1547 2664 balneum
1569 2622 1708 2663 usibus
1734 2620 1741 2677 Ι
1766 2621 1894 2675 plebis

185 2690 451 2740 exhiberetur,
482 2690 582 2732 fabri
615 2691 714 2743 tign.
745 2691 856 2731 Nem.

297 2756 471 2791 Nemausi
494 2757 579 2802 (XII
595 2756 710 2792 54651»
734 2758 847 2794 deser.
863 2757 1286 2801 saec.XW11Seguier).
1325 2756 1465 2791 Titulus
1489 2757 1623 2799 legitur
1645 2758 1686 2790 in
1710 2757 1830 2800 lapide
1853 2758 1893 2789 in

185 2825 254 2857 quo
279 2817 385 2848 antea
409 2817 451 2847 ut
473 2814 616 2847 videtur
639 2814 723 2847 aliis
745 2816 869 2847 usibus
893 2815 1070 2848 destinato
1094 2816 1231 2848 incisus
1253 2813 1329 2854 fuit
1352 2813 1479 2846 titulus
1501 2813 1576 2847 XII
1593 2814 1684 2849 5165
1691 2820 1718 2848 ⁸.

298 2894 410 2942 5681
459 2897 663 2949 publicum
690 2903 697 2951 Ι
723 2897 1049 2937 Interamnitum¹
1077 2894 1084 2951 Ι
1110 2896 1273 2947 vectigal
1299 2894 1305 2950 Ι
1333 2895 1561 2935 balnearum
1573 2895 1601 2934 ².

300 2962 343 2996 In
368 2973 433 2997 ora
457 2963 580 2997 Piceni
600 2974 712 3008 prope
738 2962 860 2997 Giulia
884 2973 1002 2996 nuova
1026 2973 1118 3006 rep.,
1149 2963 1214 2996 ubi
1236 2962 1378 2997 videtur
1410 2961 1524 3001 fuisse
1553 2961 1718 2996 Castrum
1750 2971 1894 3004 novum,

188 3021 239 3051 est
263 3017 406 3052 Giuliae
430 3019 499 3063 (ΙΧ
517 3020 604 3054 5444
627 3020 723 3054 vidit
746 3020 918 3063 Dressel).
947 3038 994 3044 —-
1027 3021 1061 3062 1)
1087 3019 1147 3053 Sic
1170 3019 1337 3052 videntur
1359 3018 1530 3062 legendae
1551 3029 1624 3051 esse
1647 3019 1788 3052 litterae
1811 3028 1893 3051 eon—

186 3076 420 3117 sr'gnatae.—
444 3077 478 3117 2)
503 3078 664 3120 Apparet
687 3077 946 3110 Interamnates
966 3086 990 3109 a
1008 3075 1287 3110 Castronovanis
1309 3076 1467 3119 vectigal
1489 3076 1697 3109 balnearum
1721 3076 1892 3118 exegisse,
