<?xml version="1.0" encoding="UTF-8"?>
<!DOCTYPE html PUBLIC "-//W3C//DTD XHTML 1.0 Transitional//EN"
    "http://www.w3.org/TR/xhtml1/DTD/xhtml1-transitional.dtd">
<html xmlns="http://www.w3.org/1999/xhtml" xml:lang="en" lang="en">
 <head>
  <title>
</title>
<meta http-equiv="Content-Type" content="text/html;charset=utf-8" />
  <meta name='ocr-system' content='tesseract 3.04.00' />
  <meta name='ocr-capabilities' content='ocr_page ocr_carea ocr_par ocr_line ocrx_word'/>
</head>
<body>
  <div class='ocr_page' id='page_1' title='image "./inscriptioneslat21dessuoft_0053.png"; bbox 0 0 2092 3360; ppageno 0'>
   <div class='ocr_carea' id='block_1_1' title="bbox 0 0 106 3360">
    <p class='ocr_par' dir='ltr' id='par_1_1' title="bbox 0 0 106 3360">
     <span class='ocr_line' id='line_1_1' title="bbox 0 0 106 3360; baseline 0 0"><span class='ocrx_word' id='word_1_1' title='bbox 0 0 106 3360; x_wconf 95' lang='lat' dir='ltr'><strong><em> </em></strong></span> 
     </span>
    </p>
   </div>
   <div class='ocr_carea' id='block_1_2' title="bbox 334 165 1837 212">
    <p class='ocr_par' dir='ltr' id='par_1_2' title="bbox 334 165 1837 212">
     <span class='ocr_line' id='line_1_2' title="bbox 334 165 1837 212; baseline 0 -8"><span class='ocrx_word' id='word_1_2' title='bbox 334 166 451 204; x_wconf 83' lang='lat' dir='ltr'><strong>Tituli</strong></span> <span class='ocrx_word' id='word_1_3' title='bbox 473 166 571 204; x_wconf 72' lang='lat' dir='ltr'><strong><em>sacri</em></strong></span> <span class='ocrx_word' id='word_1_4' title='bbox 594 168 632 203; x_wconf 83' lang='lat' dir='ltr'><strong><em>et</em></strong></span> <span class='ocrx_word' id='word_1_5' title='bbox 656 166 900 204; x_wconf 61' lang='lat' dir='ltr'><strong><em>acerdotum.</em></strong></span> <span class='ocrx_word' id='word_1_6' title='bbox 926 185 970 192; x_wconf 90' lang='lat'>—</span> <span class='ocrx_word' id='word_1_7' title='bbox 995 165 1119 202; x_wconf 79' lang='lat' dir='ltr'><strong>Veste..</strong></span> <span class='ocrx_word' id='word_1_8' title='bbox 1154 166 1278 203; x_wconf 71' lang='lat' dir='ltr'><strong>Ianus.</strong></span> <span class='ocrx_word' id='word_1_9' title='bbox 1310 165 1502 203; x_wconf 70' lang='lat' dir='ltr'><strong>Saturnus.</strong></span> <span class='ocrx_word' id='word_1_10' title='bbox 1537 165 1625 212; x_wconf 84' lang='lat' dir='ltr'><strong>ops.</strong></span> <span class='ocrx_word' id='word_1_11' title='bbox 1782 166 1837 205; x_wconf 87' lang='lat'><strong><em>43</em></strong></span> 
     </span>
    </p>
   </div>
   <div class='ocr_carea' id='block_1_3' title="bbox 148 271 1847 338">
    <p class='ocr_par' dir='ltr' id='par_1_3' title="bbox 148 271 1847 338">
     <span class='ocr_line' id='line_1_3' title="bbox 148 271 1847 338; baseline -0.001 -14"><span class='ocrx_word' id='word_1_12' title='bbox 148 331 156 338; x_wconf 85' lang='lat'><strong><em>.</em></strong></span> <span class='ocrx_word' id='word_1_13' title='bbox 211 271 352 328; x_wconf 59' lang='lat'><strong><em>⁴8828</em></strong></span> <span class='ocrx_word' id='word_1_14' title='bbox 400 282 495 324; x_wconf 85' lang='lat' dir='ltr'><strong><em>lano</em></strong></span> <span class='ocrx_word' id='word_1_15' title='bbox 535 283 638 336; x_wconf 83' lang='lat' dir='ltr'><strong><em>patri</em></strong></span> <span class='ocrx_word' id='word_1_16' title='bbox 675 283 774 334; x_wconf 80' lang='lat' dir='ltr'><strong>Aug.</strong></span> <span class='ocrx_word' id='word_1_17' title='bbox 804 294 882 323; x_wconf 83' lang='lat' dir='ltr'><strong>sac.</strong></span> <span class='ocrx_word' id='word_1_18' title='bbox 911 279 918 336; x_wconf 90' lang='grc' dir='ltr'>Ι</span> <span class='ocrx_word' id='word_1_19' title='bbox 944 280 988 321; x_wconf 89' lang='lat' dir='ltr'><strong><em>L.</em></strong></span> <span class='ocrx_word' id='word_1_20' title='bbox 1021 281 1182 321; x_wconf 82' lang='lat' dir='ltr'><strong><em>Atrilius</em></strong></span> <span class='ocrx_word' id='word_1_21' title='bbox 1221 280 1263 321; x_wconf 90' lang='lat' dir='ltr'><strong><em>L.</em></strong></span> <span class='ocrx_word' id='word_1_22' title='bbox 1296 282 1321 321; x_wconf 75' lang='lat' dir='ltr'><strong>s.</strong></span> <span class='ocrx_word' id='word_1_23' title='bbox 1354 281 1460 322; x_wconf 85' lang='lat' dir='ltr'>Felix</span> <span class='ocrx_word' id='word_1_24' title='bbox 1497 281 1503 337; x_wconf 88' lang='grc' dir='ltr'>Ι</span> <span class='ocrx_word' id='word_1_25' title='bbox 1539 288 1675 322; x_wconf 86' lang='lat' dir='ltr'><strong>votum</strong></span> <span class='ocrx_word' id='word_1_26' title='bbox 1717 282 1788 322; x_wconf 85' lang='lat' dir='ltr'><strong>sol.</strong></span> <span class='ocrx_word' id='word_1_27' title='bbox 1821 282 1847 322; x_wconf 91' lang='grc'><strong><em>1.</em></strong></span> 
     </span>
    </p>
   </div>
   <div class='ocr_carea' id='block_1_4' title="bbox 124 348 1254 462">
    <p class='ocr_par' dir='ltr' id='par_1_4' title="bbox 124 348 1254 462">
     <span class='ocr_line' id='line_1_4' title="bbox 124 348 782 406; baseline -0.003 -14"><span class='ocrx_word' id='word_1_28' title='bbox 124 351 256 392; x_wconf 82' lang='lat' dir='ltr'>animo</span> <span class='ocrx_word' id='word_1_29' title='bbox 283 348 290 406; x_wconf 92' lang='grc' dir='ltr'>Ι</span> <span class='ocrx_word' id='word_1_30' title='bbox 316 364 348 392; x_wconf 85' lang='lat' dir='ltr'><strong><em>s.</em></strong></span> <span class='ocrx_word' id='word_1_31' title='bbox 381 364 420 405; x_wconf 90' lang='lat' dir='ltr'><strong><em>p.</em></strong></span> <span class='ocrx_word' id='word_1_32' title='bbox 448 352 474 392; x_wconf 83' lang='lat' dir='ltr'><strong>s.</strong></span> <span class='ocrx_word' id='word_1_33' title='bbox 505 357 546 392; x_wconf 85' lang='lat' dir='ltr'><strong><em>et</em></strong></span> <span class='ocrx_word' id='word_1_34' title='bbox 575 350 782 391; x_wconf 83' lang='lat' dir='ltr'><strong>dedicavit.</strong></span> 
     </span>
     <span class='ocr_line' id='line_1_5' title="bbox 235 415 1254 462; baseline -0.001 -11"><span class='ocrx_word' id='word_1_35' title='bbox 235 417 378 452; x_wconf 77' lang='lat' dir='ltr'><strong><em>Dianae</em></strong></span> <span class='ocrx_word' id='word_1_36' title='bbox 399 420 438 451; x_wconf 73' lang='lat' dir='ltr'><strong><em>in</em></strong></span> <span class='ocrx_word' id='word_1_37' title='bbox 461 416 635 451; x_wconf 69' lang='lat' dir='ltr'><strong><em>Numidia</em></strong></span> <span class='ocrx_word' id='word_1_38' title='bbox 661 416 772 461; x_wconf 86' lang='lat' dir='ltr'><strong><em>(Vm</em></strong></span> <span class='ocrx_word' id='word_1_39' title='bbox 793 418 878 451; x_wconf 74' lang='lat'><strong><em>4576</em></strong></span> <span class='ocrx_word' id='word_1_40' title='bbox 902 416 996 450; x_wconf 73' lang='lat' dir='ltr'><strong><em>vidit</em></strong></span> <span class='ocrx_word' id='word_1_41' title='bbox 1023 415 1254 462; x_wconf 80' lang='lat' dir='ltr'><strong><em>W&#39;ilmanns).</em></strong></span> 
     </span>
    </p>
   </div>
   <div class='ocr_carea' id='block_1_5' title="bbox 128 488 197 495">
    <p class='ocr_par' dir='ltr' id='par_1_5' title="bbox 128 488 197 495">
     <span class='ocr_line' id='line_1_6' title="bbox 128 488 197 495; baseline 0 -1"><span class='ocrx_word' id='word_1_42' title='bbox 128 488 197 495; x_wconf 92' lang='lat'><strong>—</strong></span> 
     </span>
    </p>
   </div>
   <div class='ocr_carea' id='block_1_6' title="bbox 126 519 1845 644">
    <p class='ocr_par' dir='ltr' id='par_1_6' title="bbox 126 519 1845 644">
     <span class='ocr_line' id='line_1_7' title="bbox 236 519 1845 576; baseline 0 -14"><span class='ocrx_word' id='word_1_43' title='bbox 236 519 352 567; x_wconf 74' lang='lat'><strong><em>8324</em></strong></span> <span class='ocrx_word' id='word_1_44' title='bbox 391 522 474 562; x_wconf 82' lang='lat' dir='ltr'><strong><em>lani</em></strong></span> <span class='ocrx_word' id='word_1_45' title='bbox 503 528 616 575; x_wconf 79' lang='lat' dir='ltr'><strong><em>patro</em></strong></span> <span class='ocrx_word' id='word_1_46' title='bbox 642 526 727 570; x_wconf 74' lang='lat' dir='ltr'><em>(sic)</em></span> <span class='ocrx_word' id='word_1_47' title='bbox 754 519 760 576; x_wconf 88' lang='grc' dir='ltr'>Ι</span> <span class='ocrx_word' id='word_1_48' title='bbox 789 521 831 561; x_wconf 89' lang='lat' dir='ltr'><strong><em>L.</em></strong></span> <span class='ocrx_word' id='word_1_49' title='bbox 854 521 1031 562; x_wconf 82' lang='lat' dir='ltr'><strong><em>Bennius</em></strong></span> <span class='ocrx_word' id='word_1_50' title='bbox 1057 520 1064 574; x_wconf 94' lang='grc' dir='ltr'>Ι</span> <span class='ocrx_word' id='word_1_51' title='bbox 1092 521 1248 562; x_wconf 85' lang='lat' dir='ltr'>Primus</span> <span class='ocrx_word' id='word_1_52' title='bbox 1273 519 1280 576; x_wconf 87' lang='grc' dir='ltr'>Ι</span> <span class='ocrx_word' id='word_1_53' title='bbox 1307 522 1490 562; x_wconf 80' lang='lat' dir='ltr'>sacerdos</span> <span class='ocrx_word' id='word_1_54' title='bbox 1516 521 1522 576; x_wconf 88' lang='grc' dir='ltr'>Ι</span> <span class='ocrx_word' id='word_1_55' title='bbox 1550 533 1641 562; x_wconf 83' lang='lat' dir='ltr'><strong><em>cum</em></strong></span> <span class='ocrx_word' id='word_1_56' title='bbox 1663 521 1818 562; x_wconf 81' lang='lat' dir='ltr'><strong><em>Bennio</em></strong></span> <span class='ocrx_word' id='word_1_57' title='bbox 1839 521 1845 570; x_wconf 88' lang='grc' dir='ltr'>Ι</span> 
     </span>
     <span class='ocr_line' id='line_1_8' title="bbox 126 588 768 644; baseline 0 -14"><span class='ocrx_word' id='word_1_58' title='bbox 126 589 344 631; x_wconf 77' lang='lat' dir='ltr'><strong><em>Fortunato</em></strong></span> <span class='ocrx_word' id='word_1_59' title='bbox 371 588 377 644; x_wconf 92' lang='grc' dir='ltr'>Ι</span> <span class='ocrx_word' id='word_1_60' title='bbox 404 590 484 630; x_wconf 78' lang='lat' dir='ltr'><strong><em>mio</em></strong></span> <span class='ocrx_word' id='word_1_61' title='bbox 511 589 518 638; x_wconf 99' lang='grc' dir='ltr'>Ι</span> <span class='ocrx_word' id='word_1_62' title='bbox 545 602 579 629; x_wconf 91' lang='lat' dir='ltr'><strong><em>v.</em></strong></span> <span class='ocrx_word' id='word_1_63' title='bbox 611 603 644 630; x_wconf 92' lang='lat' dir='ltr'><strong><em>s.</em></strong></span> <span class='ocrx_word' id='word_1_64' title='bbox 676 590 701 630; x_wconf 90' lang='lat'><strong><em>1.</em></strong></span> <span class='ocrx_word' id='word_1_65' title='bbox 733 602 768 630; x_wconf 84' lang='lat' dir='ltr'><strong><em>a.</em></strong></span> 
     </span>
    </p>
   </div>
   <div class='ocr_carea' id='block_1_7' title="bbox 124 653 1846 809">
    <p class='ocr_par' dir='ltr' id='par_1_7' title="bbox 124 653 1846 809">
     <span class='ocr_line' id='line_1_9' title="bbox 236 653 1846 701; baseline -0.001 -9"><span class='ocrx_word' id='word_1_66' title='bbox 236 658 352 701; x_wconf 82' lang='lat' dir='ltr'><strong><em>Prope</em></strong></span> <span class='ocrx_word' id='word_1_67' title='bbox 375 656 599 691; x_wconf 71' lang='lat' dir='ltr'><strong><em>Lambaesim</em></strong></span> <span class='ocrx_word' id='word_1_68' title='bbox 625 656 732 697; x_wconf 89' lang='lat' dir='ltr'><em>(VIII</em></span> <span class='ocrx_word' id='word_1_69' title='bbox 753 658 842 691; x_wconf 81' lang='grc'><strong><em>2608</em></strong></span> <span class='ocrx_word' id='word_1_70' title='bbox 866 656 959 690; x_wconf 83' lang='lat' dir='ltr'><strong><em>vidie</em></strong></span> <span class='ocrx_word' id='word_1_71' title='bbox 983 655 1140 697; x_wconf 71' lang='lat' dir='ltr'><strong><em>flenter).</em></strong></span> <span class='ocrx_word' id='word_1_72' title='bbox 1157 673 1198 680; x_wconf 83' lang='lat'><strong><em>——</em></strong></span> <span class='ocrx_word' id='word_1_73' title='bbox 1220 653 1379 688; x_wconf 79' lang='lat' dir='ltr'><strong><em>Titulum</em></strong></span> <span class='ocrx_word' id='word_1_74' title='bbox 1396 654 1507 688; x_wconf 75' lang='lat' dir='ltr'><em>Musti</em></span> <span class='ocrx_word' id='word_1_75' title='bbox 1525 658 1564 689; x_wconf 85' lang='lat' dir='ltr'><strong><em>in</em></strong></span> <span class='ocrx_word' id='word_1_76' title='bbox 1582 655 1712 696; x_wconf 73' lang='lat' dir='ltr'><strong><em>Africa</em></strong></span> <span class='ocrx_word' id='word_1_77' title='bbox 1737 656 1846 698; x_wconf 80' lang='lat' dir='ltr'><strong><em>[IJani</em></strong></span> 
     </span>
     <span class='ocr_line' id='line_1_10' title="bbox 126 710 1846 758; baseline 0 -12"><span class='ocrx_word' id='word_1_78' title='bbox 126 712 210 758; x_wconf 72' lang='lat' dir='ltr'><strong><em>(sie)</em></strong></span> <span class='ocrx_word' id='word_1_79' title='bbox 236 713 324 757; x_wconf 74' lang='lat' dir='ltr'><strong><em>putri</em></strong></span> <span class='ocrx_word' id='word_1_80' title='bbox 350 714 447 757; x_wconf 70' lang='lat' dir='ltr'><strong><em>Aug„</em></strong></span> <span class='ocrx_word' id='word_1_81' title='bbox 478 713 589 747; x_wconf 72' lang='lat' dir='ltr'><em>simu!</em></span> <span class='ocrx_word' id='word_1_82' title='bbox 611 716 730 746; x_wconf 77' lang='lat' dir='ltr'><strong><em>autem</em></strong></span> <span class='ocrx_word' id='word_1_83' title='bbox 754 713 902 747; x_wconf 80' lang='lat' dir='ltr'><strong><em>Nutriei</em></strong></span> <span class='ocrx_word' id='word_1_84' title='bbox 925 717 959 747; x_wconf 78' lang='lat' dir='ltr'><strong><em>ee</em></strong></span> <span class='ocrx_word' id='word_1_85' title='bbox 981 710 1183 755; x_wconf 76' lang='lat' dir='ltr'><strong><em>Frugifero</em></strong></span> <span class='ocrx_word' id='word_1_86' title='bbox 1207 711 1280 744; x_wconf 72' lang='lat' dir='ltr'><strong><em>diis</em></strong></span> <span class='ocrx_word' id='word_1_87' title='bbox 1304 711 1524 754; x_wconf 78' lang='lat' dir='ltr'><strong><em>dede‘eatum,</em></strong></span> <span class='ocrx_word' id='word_1_88' title='bbox 1550 713 1715 746; x_wconf 76' lang='lat' dir='ltr'><em>dabimus</em></span> <span class='ocrx_word' id='word_1_89' title='bbox 1739 711 1846 753; x_wconf 70' lang='lat' dir='ltr'><strong><em>infra</em></strong></span> 
     </span>
     <span class='ocr_line' id='line_1_11' title="bbox 124 769 796 809; baseline 0.001 -7"><span class='ocrx_word' id='word_1_90' title='bbox 124 770 220 803; x_wconf 76' lang='lat' dir='ltr'><strong><em>inter·</em></strong></span> <span class='ocrx_word' id='word_1_91' title='bbox 244 769 369 804; x_wconf 69' lang='lat' dir='ltr'><strong><em>mulos</em></strong></span> <span class='ocrx_word' id='word_1_92' title='bbox 391 772 582 804; x_wconf 81' lang='lat' dir='ltr'><strong><em>numinum</em></strong></span> <span class='ocrx_word' id='word_1_93' title='bbox 605 769 796 809; x_wconf 76' lang='lat' dir='ltr'><strong><em>Afrorum.</em></strong></span> 
     </span>
    </p>
   </div>
   <div class='ocr_carea' id='block_1_8' title="bbox 238 861 1847 974">
    <p class='ocr_par' dir='ltr' id='par_1_8' title="bbox 238 861 1847 974">
     <span class='ocr_line' id='line_1_12' title="bbox 412 863 909 904; baseline 0 -1"><span class='ocrx_word' id='word_1_94' title='bbox 412 863 464 903; x_wconf 90' lang='lat' dir='ltr'><strong><em>M.</em></strong></span> <span class='ocrx_word' id='word_1_95' title='bbox 496 863 547 904; x_wconf 87' lang='lat' dir='ltr'><strong><em>M.</em></strong></span> <span class='ocrx_word' id='word_1_96' title='bbox 578 870 618 903; x_wconf 86' lang='lat' dir='ltr'><strong><em>et</em></strong></span> <span class='ocrx_word' id='word_1_97' title='bbox 677 863 705 903; x_wconf 92' lang='grc' dir='ltr'><strong><em>Ι.</em></strong></span> <span class='ocrx_word' id='word_1_98' title='bbox 736 863 778 903; x_wconf 87' lang='lat' dir='ltr'><strong><em>P.</em></strong></span> <span class='ocrx_word' id='word_1_99' title='bbox 810 863 869 903; x_wconf 82' lang='lat' dir='ltr'><strong><em>Au</em></strong></span> <span class='ocrx_word' id='word_1_100' title='bbox 900 892 909 902; x_wconf 91' lang='lat'><strong><em>.</em></strong></span> 
     </span>
     <span class='ocr_line' id='line_1_13' title="bbox 238 861 1847 974; baseline -0.001 -10"><span class='ocrx_word' id='word_1_101' title='bbox 238 861 400 964; x_wconf 45' lang='lat' dir='ltr'><strong><em>{aazia</em></strong></span> <span class='ocrx_word' id='word_1_102' title='bbox 416 930 523 974; x_wconf 90' lang='lat' dir='ltr'><em>(VIII</em></span> <span class='ocrx_word' id='word_1_103' title='bbox 538 930 574 964; x_wconf 91' lang='lat' dir='ltr'><strong><em>S.</em></strong></span> <span class='ocrx_word' id='word_1_104' title='bbox 587 862 691 964; x_wconf 70' lang='grc'><strong>117197</strong></span> <span class='ocrx_word' id='word_1_105' title='bbox 706 929 798 962; x_wconf 75' lang='lat' dir='ltr'><strong><em>vidit</em></strong></span> <span class='ocrx_word' id='word_1_106' title='bbox 815 875 984 973; x_wconf 73' lang='lat' dir='ltr'><strong><em>Caggnat).</em></strong></span> <span class='ocrx_word' id='word_1_107' title='bbox 1005 946 1054 953; x_wconf 94' lang='lat'><strong><em>-—</em></strong></span> <span class='ocrx_word' id='word_1_108' title='bbox 1077 926 1189 961; x_wconf 71' lang='lat' dir='ltr'><strong><em>Matri</em></strong></span> <span class='ocrx_word' id='word_1_109' title='bbox 1205 926 1361 969; x_wconf 78' lang='lat' dir='ltr'><strong><em>Magnae</em></strong></span> <span class='ocrx_word' id='word_1_110' title='bbox 1385 930 1419 959; x_wconf 73' lang='lat' dir='ltr'><strong><em>et</em></strong></span> <span class='ocrx_word' id='word_1_111' title='bbox 1436 927 1525 960; x_wconf 87' lang='lat' dir='ltr'><strong><em>Iano</em></strong></span> <span class='ocrx_word' id='word_1_112' title='bbox 1546 929 1651 970; x_wconf 73' lang='lat' dir='ltr'><strong><em>patri</em></strong></span> <span class='ocrx_word' id='word_1_113' title='bbox 1669 929 1847 970; x_wconf 78' lang='lat' dir='ltr'><strong><em>Angusto.</em></strong></span> 
     </span>
    </p>
   </div>
   <div class='ocr_carea' id='block_1_9' title="bbox 850 1020 1125 1026">
    <p class='ocr_par' dir='ltr' id='par_1_9' title="bbox 850 1020 1125 1026">
     <span class='ocr_line' id='line_1_14' title="bbox 850 1020 1125 1026; baseline 0 0"><span class='ocrx_word' id='word_1_114' title='bbox 850 1020 1125 1026; x_wconf 95' lang='lat' dir='ltr'><strong><em> </em></strong></span> 
     </span>
    </p>
   </div>
   <div class='ocr_carea' id='block_1_10' title="bbox 125 1087 1850 1769">
    <p class='ocr_par' dir='ltr' id='par_1_10' title="bbox 238 1087 1845 1143">
     <span class='ocr_line' id='line_1_15' title="bbox 238 1087 1845 1143; baseline -0.003 -11"><span class='ocrx_word' id='word_1_115' title='bbox 238 1088 354 1136; x_wconf 77' lang='lat'><strong><em>3826</em></strong></span> <span class='ocrx_word' id='word_1_116' title='bbox 398 1096 560 1131; x_wconf 77' lang='lat' dir='ltr'><strong><em>senatus</em></strong></span> <span class='ocrx_word' id='word_1_117' title='bbox 588 1089 841 1143; x_wconf 83' lang='lat' dir='ltr'><strong><em>populusque</em></strong></span> <span class='ocrx_word' id='word_1_118' title='bbox 862 1088 1066 1129; x_wconf 85' lang='lat' dir='ltr'>Romanus</span> <span class='ocrx_word' id='word_1_119' title='bbox 1093 1087 1098 1142; x_wconf 90' lang='grc' dir='ltr'>Ι</span> <span class='ocrx_word' id='word_1_120' title='bbox 1126 1088 1313 1128; x_wconf 85' lang='lat' dir='ltr'><strong><em>incendio</em></strong></span> <span class='ocrx_word' id='word_1_121' title='bbox 1345 1093 1629 1140; x_wconf 84' lang='lat' dir='ltr'><strong><em>consumptum</em></strong></span> <span class='ocrx_word' id='word_1_122' title='bbox 1659 1087 1845 1127; x_wconf 80' lang='lat' dir='ltr'><strong>restituit.</strong></span> 
     </span>
    </p>

    <p class='ocr_par' dir='ltr' id='par_1_11' title="bbox 125 1153 1850 1769">
     <span class='ocr_line' id='line_1_16' title="bbox 239 1153 1844 1201; baseline -0.002 -10"><span class='ocrx_word' id='word_1_123' title='bbox 239 1157 372 1191; x_wconf 78' lang='lat' dir='ltr'><strong><em>Romae</em></strong></span> <span class='ocrx_word' id='word_1_124' title='bbox 399 1159 438 1190; x_wconf 74' lang='lat' dir='ltr'><strong><em>in</em></strong></span> <span class='ocrx_word' id='word_1_125' title='bbox 460 1155 556 1198; x_wconf 75' lang='lat' dir='ltr'><strong><em>foro,</em></strong></span> <span class='ocrx_word' id='word_1_126' title='bbox 585 1158 625 1190; x_wconf 81' lang='lat' dir='ltr'><strong><em>in</em></strong></span> <span class='ocrx_word' id='word_1_127' title='bbox 648 1157 815 1201; x_wconf 74' lang='lat' dir='ltr'><strong><em>epistylio</em></strong></span> <span class='ocrx_word' id='word_1_128' title='bbox 839 1156 938 1189; x_wconf 74' lang='lat' dir='ltr'><strong><em>aedis</em></strong></span> <span class='ocrx_word' id='word_1_129' title='bbox 962 1158 1043 1189; x_wconf 81' lang='lat' dir='ltr'><strong><em>octo</em></strong></span> <span class='ocrx_word' id='word_1_130' title='bbox 1068 1156 1315 1189; x_wconf 83' lang='lat' dir='ltr'><strong><em>columnarum</em></strong></span> <span class='ocrx_word' id='word_1_131' title='bbox 1339 1154 1389 1187; x_wconf 87' lang='lat' dir='ltr'><strong><em>ad</em></strong></span> <span class='ocrx_word' id='word_1_132' title='bbox 1406 1155 1518 1187; x_wconf 84' lang='lat' dir='ltr'><strong><em>imum</em></strong></span> <span class='ocrx_word' id='word_1_133' title='bbox 1546 1155 1678 1188; x_wconf 79' lang='lat' dir='ltr'><strong><em>clivum</em></strong></span> <span class='ocrx_word' id='word_1_134' title='bbox 1703 1153 1844 1197; x_wconf 82' lang='lat' dir='ltr'><strong><em>Capito-</em></strong></span> 
     </span>
     <span class='ocr_line' id='line_1_17' title="bbox 127 1210 1846 1256; baseline -0.003 -7"><span class='ocrx_word' id='word_1_135' title='bbox 127 1216 252 1256; x_wconf 79' lang='lat' dir='ltr'><strong><em>linum,</em></strong></span> <span class='ocrx_word' id='word_1_136' title='bbox 277 1215 408 1248; x_wconf 73' lang='lat' dir='ltr'><strong><em>litteris</em></strong></span> <span class='ocrx_word' id='word_1_137' title='bbox 432 1215 517 1247; x_wconf 80' lang='lat' dir='ltr'><strong><em>olim</em></strong></span> <span class='ocrx_word' id='word_1_138' title='bbox 542 1224 625 1247; x_wconf 84' lang='lat' dir='ltr'><strong><em>aere</em></strong></span> <span class='ocrx_word' id='word_1_139' title='bbox 648 1214 861 1247; x_wconf 73' lang='lat' dir='ltr'><strong><em>incr-ostatis</em></strong></span> <span class='ocrx_word' id='word_1_140' title='bbox 885 1212 1058 1254; x_wconf 70' lang='lat' dir='ltr'><em>(V19575</em></span> <span class='ocrx_word' id='word_1_141' title='bbox 1082 1212 1248 1245; x_wconf 84' lang='lat' dir='ltr'><strong><em>Huebner</em></strong></span> <span class='ocrx_word' id='word_1_142' title='bbox 1271 1222 1328 1245; x_wconf 70' lang='lat' dir='ltr'><strong><em>ex.</em></strong></span> <span class='ocrx_word' id='word_1_143' title='bbox 1352 1221 1421 1245; x_wconf 78' lang='lat' dir='ltr'><strong>ser.</strong></span> <span class='ocrx_word' id='word_1_144' title='bbox 1443 1212 1558 1254; x_wconf 79' lang='lat' dir='ltr'><strong><em>epigr.</em></strong></span> <span class='ocrx_word' id='word_1_145' title='bbox 1573 1211 1666 1255; x_wconf 78' lang='grc'><strong><em>469).</em></strong></span> <span class='ocrx_word' id='word_1_146' title='bbox 1702 1210 1846 1253; x_wconf 83' lang='lat' dir='ltr'><strong><em>Aedem,</em></strong></span> 
     </span>
     <span class='ocr_line' id='line_1_18' title="bbox 127 1269 1848 1316; baseline -0.003 -10"><span class='ocrx_word' id='word_1_147' title='bbox 127 1283 218 1316; x_wconf 80' lang='lat' dir='ltr'><strong><em>quae</em></strong></span> <span class='ocrx_word' id='word_1_148' title='bbox 238 1282 305 1315; x_wconf 87' lang='lat' dir='ltr'><strong><em>per</em></strong></span> <span class='ocrx_word' id='word_1_149' title='bbox 329 1273 403 1304; x_wconf 77' lang='lat' dir='ltr'><strong><em>tria</em></strong></span> <span class='ocrx_word' id='word_1_150' title='bbox 426 1272 570 1305; x_wconf 76' lang='lat' dir='ltr'><strong><em>saecula</em></strong></span> <span class='ocrx_word' id='word_1_151' title='bbox 596 1270 816 1305; x_wconf 79' lang='lat' dir='ltr'><strong><em>Concordiae</em></strong></span> <span class='ocrx_word' id='word_1_152' title='bbox 844 1269 959 1310; x_wconf 73' lang='lat' dir='ltr'><strong><em>fuisse</em></strong></span> <span class='ocrx_word' id='word_1_153' title='bbox 983 1270 1198 1313; x_wconf 75' lang='lat' dir='ltr'><strong><em>putabatur,</em></strong></span> <span class='ocrx_word' id='word_1_154' title='bbox 1232 1270 1306 1301; x_wconf 88' lang='lat' dir='ltr'><strong><em>iam</em></strong></span> <span class='ocrx_word' id='word_1_155' title='bbox 1337 1271 1476 1302; x_wconf 76' lang='lat' dir='ltr'><strong><em>constat</em></strong></span> <span class='ocrx_word' id='word_1_156' title='bbox 1505 1269 1734 1310; x_wconf 76' lang='lat' dir='ltr'><strong><em>(praesertim</em></strong></span> <span class='ocrx_word' id='word_1_157' title='bbox 1764 1270 1848 1311; x_wconf 81' lang='lat' dir='ltr'><strong><em>post</em></strong></span> 
     </span>
     <span class='ocr_line' id='line_1_19' title="bbox 127 1323 1845 1374; baseline -0.003 -12"><span class='ocrx_word' id='word_1_158' title='bbox 127 1329 255 1374; x_wconf 74' lang='lat' dir='ltr'><strong><em>effossa</em></strong></span> <span class='ocrx_word' id='word_1_159' title='bbox 285 1327 419 1361; x_wconf 83' lang='lat' dir='ltr'><strong><em>rudera</em></strong></span> <span class='ocrx_word' id='word_1_160' title='bbox 450 1338 555 1360; x_wconf 82' lang='lat' dir='ltr'><strong><em>verae</em></strong></span> <span class='ocrx_word' id='word_1_161' title='bbox 586 1327 686 1361; x_wconf 82' lang='lat' dir='ltr'><strong><em>aedis</em></strong></span> <span class='ocrx_word' id='word_1_162' title='bbox 719 1326 954 1371; x_wconf 77' lang='lat' dir='ltr'><em>Concordiae)</em></span> <span class='ocrx_word' id='word_1_163' title='bbox 985 1325 1097 1367; x_wconf 74' lang='lat' dir='ltr'><strong><em>fuisse</em></strong></span> <span class='ocrx_word' id='word_1_164' title='bbox 1127 1328 1414 1369; x_wconf 75' lang='lat' dir='ltr'><strong><em>antiquissimam</em></strong></span> <span class='ocrx_word' id='word_1_165' title='bbox 1446 1325 1568 1358; x_wconf 86' lang='lat' dir='ltr'><strong><em>aedem</em></strong></span> <span class='ocrx_word' id='word_1_166' title='bbox 1602 1325 1755 1359; x_wconf 76' lang='lat' dir='ltr'><em>Saturni</em></span> <span class='ocrx_word' id='word_1_167' title='bbox 1780 1323 1845 1368; x_wconf 59' lang='lat' dir='ltr'><strong><em>(cll</em></strong></span> 
     </span>
     <span class='ocr_line' id='line_1_20' title="bbox 127 1381 1847 1428; baseline -0.003 -9"><span class='ocrx_word' id='word_1_168' title='bbox 127 1385 263 1419; x_wconf 80' lang='lat' dir='ltr'><strong><em>Jordan</em></strong></span> <span class='ocrx_word' id='word_1_169' title='bbox 290 1384 376 1428; x_wconf 80' lang='lat' dir='ltr'><strong>Top.</strong></span> <span class='ocrx_word' id='word_1_170' title='bbox 401 1384 419 1417; x_wconf 92' lang='lat'><em>1</em></span> <span class='ocrx_word' id='word_1_171' title='bbox 439 1385 464 1418; x_wconf 88' lang='grc'><strong><em>2</em></strong></span> <span class='ocrx_word' id='word_1_172' title='bbox 486 1395 523 1428; x_wconf 88' lang='lat' dir='ltr'><strong>p.</strong></span> <span class='ocrx_word' id='word_1_173' title='bbox 537 1386 605 1420; x_wconf 90' lang='grc'><strong><em>560</em></strong></span> <span class='ocrx_word' id='word_1_174' title='bbox 617 1387 718 1428; x_wconf 76' lang='lat' dir='ltr'><strong>seq.)‚</strong></span> <span class='ocrx_word' id='word_1_175' title='bbox 742 1395 851 1427; x_wconf 82' lang='lat' dir='ltr'><strong><em>quam</em></strong></span> <span class='ocrx_word' id='word_1_176' title='bbox 874 1385 1037 1417; x_wconf 73' lang='lat' dir='ltr'><strong><em>restituit</em></strong></span> <span class='ocrx_word' id='word_1_177' title='bbox 1060 1382 1102 1416; x_wconf 87' lang='lat' dir='ltr'><strong>L.</strong></span> <span class='ocrx_word' id='word_1_178' title='bbox 1118 1382 1304 1416; x_wconf 72' lang='lat' dir='ltr'><strong><em>Munatius</em></strong></span> <span class='ocrx_word' id='word_1_179' title='bbox 1324 1382 1478 1415; x_wconf 78' lang='lat' dir='ltr'><strong><em>Plancus</em></strong></span> <span class='ocrx_word' id='word_1_180' title='bbox 1501 1383 1627 1415; x_wconf 75' lang='lat' dir='ltr'><strong><em>consul</em></strong></span> <span class='ocrx_word' id='word_1_181' title='bbox 1649 1393 1683 1415; x_wconf 89' lang='lat' dir='ltr'><strong>a.</strong></span> <span class='ocrx_word' id='word_1_182' title='bbox 1698 1382 1764 1415; x_wconf 91' lang='grc'><strong>712</strong></span> <span class='ocrx_word' id='word_1_183' title='bbox 1783 1381 1847 1425; x_wconf 81' lang='lat' dir='ltr'><strong>(cf.</strong></span> 
     </span>
     <span class='ocr_line' id='line_1_21' title="bbox 125 1437 1848 1486; baseline -0.003 -10"><span class='ocrx_word' id='word_1_184' title='bbox 125 1452 238 1486; x_wconf 74' lang='lat' dir='ltr'><strong><em>supra</em></strong></span> <span class='ocrx_word' id='word_1_185' title='bbox 255 1441 302 1476; x_wconf 83' lang='grc' dir='ltr'><strong><em>Ν.</em></strong></span> <span class='ocrx_word' id='word_1_186' title='bbox 313 1441 365 1475; x_wconf 75' lang='grc'><strong>41.</strong></span> <span class='ocrx_word' id='word_1_187' title='bbox 375 1442 473 1484; x_wconf 87' lang='grc'><strong><em>886).</em></strong></span> <span class='ocrx_word' id='word_1_188' title='bbox 509 1441 576 1475; x_wconf 80' lang='lat' dir='ltr'><strong><em>Hie</em></strong></span> <span class='ocrx_word' id='word_1_189' title='bbox 591 1442 720 1475; x_wconf 73' lang='lat' dir='ltr'><strong><em>titulus</em></strong></span> <span class='ocrx_word' id='word_1_190' title='bbox 735 1441 785 1475; x_wconf 88' lang='lat' dir='ltr'><strong><em>ad</em></strong></span> <span class='ocrx_word' id='word_1_191' title='bbox 797 1441 908 1475; x_wconf 87' lang='lat' dir='ltr'><strong><em>aliam</em></strong></span> <span class='ocrx_word' id='word_1_192' title='bbox 924 1442 1186 1474; x_wconf 74' lang='lat' dir='ltr'><strong><em>restitutionem</em></strong></span> <span class='ocrx_word' id='word_1_193' title='bbox 1202 1442 1351 1482; x_wconf 77' lang='lat' dir='ltr'><strong><em>spectat,</em></strong></span> <span class='ocrx_word' id='word_1_194' title='bbox 1374 1437 1511 1479; x_wconf 77' lang='lat' dir='ltr'><strong><em>factam</em></strong></span> <span class='ocrx_word' id='word_1_195' title='bbox 1530 1449 1607 1471; x_wconf 84' lang='lat' dir='ltr'><strong><em>eam</em></strong></span> <span class='ocrx_word' id='word_1_196' title='bbox 1623 1440 1688 1471; x_wconf 78' lang='lat' dir='ltr'><strong><em>vioe</em></strong></span> <span class='ocrx_word' id='word_1_197' title='bbox 1703 1441 1848 1471; x_wconf 82' lang='lat' dir='ltr'><strong><em>ineunte</em></strong></span> 
     </span>
     <span class='ocr_line' id='line_1_22' title="bbox 126 1495 1847 1543; baseline -0.003 -11"><span class='ocrx_word' id='word_1_198' title='bbox 126 1499 269 1533; x_wconf 68' lang='lat' dir='ltr'><strong><em>saeculo</em></strong></span> <span class='ocrx_word' id='word_1_199' title='bbox 290 1509 328 1543; x_wconf 86' lang='lat' dir='ltr'><strong>p.</strong></span> <span class='ocrx_word' id='word_1_200' title='bbox 345 1498 427 1532; x_wconf 80' lang='lat' dir='ltr'><strong>Gkr.</strong></span> <span class='ocrx_word' id='word_1_201' title='bbox 451 1500 569 1541; x_wconf 74' lang='lat' dir='ltr'><strong><em>toreio,</em></strong></span> <span class='ocrx_word' id='word_1_202' title='bbox 593 1501 636 1531; x_wconf 80' lang='lat' dir='ltr'><strong><em>ut</em></strong></span> <span class='ocrx_word' id='word_1_203' title='bbox 656 1498 820 1542; x_wconf 80' lang='lat' dir='ltr'><strong><em>plerique</em></strong></span> <span class='ocrx_word' id='word_1_204' title='bbox 842 1500 976 1541; x_wconf 81' lang='lat' dir='ltr'><strong><em>putant</em></strong></span> <span class='ocrx_word' id='word_1_205' title='bbox 1000 1495 1066 1541; x_wconf 75' lang='lat' dir='ltr'><strong><em>(ch</em></strong></span> <span class='ocrx_word' id='word_1_206' title='bbox 1090 1497 1225 1531; x_wconf 82' lang='lat' dir='ltr'><strong><em>Jordan</em></strong></span> <span class='ocrx_word' id='word_1_207' title='bbox 1246 1495 1332 1539; x_wconf 83' lang='lat' dir='ltr'><strong>Top.</strong></span> <span class='ocrx_word' id='word_1_208' title='bbox 1349 1497 1372 1529; x_wconf 87' lang='lat' dir='ltr'><strong>l.</strong></span> <span class='ocrx_word' id='word_1_209' title='bbox 1389 1506 1419 1530; x_wconf 87' lang='lat' dir='ltr'><strong><em>c.</em></strong></span> <span class='ocrx_word' id='word_1_210' title='bbox 1441 1506 1478 1539; x_wconf 84' lang='lat' dir='ltr'><strong>p.</strong></span> <span class='ocrx_word' id='word_1_211' title='bbox 1493 1496 1559 1530; x_wconf 88' lang='grc'><strong>561</strong></span> <span class='ocrx_word' id='word_1_212' title='bbox 1576 1497 1652 1529; x_wconf 82' lang='lat' dir='ltr'><strong><em>not.</em></strong></span> <span class='ocrx_word' id='word_1_213' title='bbox 1666 1497 1738 1537; x_wconf 85' lang='grc'><strong><em>69),</em></strong></span> <span class='ocrx_word' id='word_1_214' title='bbox 1763 1505 1847 1527; x_wconf 87' lang='lat' dir='ltr'><strong><em>nam</em></strong></span> 
     </span>
     <span class='ocr_line' id='line_1_23' title="bbox 127 1552 1850 1599; baseline -0.003 -10"><span class='ocrx_word' id='word_1_215' title='bbox 127 1555 202 1589; x_wconf 73' lang='lat' dir='ltr'><strong><em>iuis</em></strong></span> <span class='ocrx_word' id='word_1_216' title='bbox 225 1557 444 1599; x_wconf 71' lang='lat' dir='ltr'><strong><em>temporibus</em></strong></span> <span class='ocrx_word' id='word_1_217' title='bbox 473 1556 709 1598; x_wconf 76' lang='lat' dir='ltr'><strong><em>imperatores</em></strong></span> <span class='ocrx_word' id='word_1_218' title='bbox 733 1555 862 1599; x_wconf 73' lang='lat' dir='ltr'><strong><em>templa</em></strong></span> <span class='ocrx_word' id='word_1_219' title='bbox 894 1556 995 1588; x_wconf 75' lang='lat' dir='ltr'><strong><em>urbis</em></strong></span> <span class='ocrx_word' id='word_1_220' title='bbox 1018 1554 1150 1588; x_wconf 82' lang='lat' dir='ltr'><strong><em>Romae</em></strong></span> <span class='ocrx_word' id='word_1_221' title='bbox 1172 1555 1362 1586; x_wconf 72' lang='lat' dir='ltr'><strong><em>restituere</em></strong></span> <span class='ocrx_word' id='word_1_222' title='bbox 1385 1552 1561 1594; x_wconf 77' lang='lat' dir='ltr'><strong><em>solebam,</em></strong></span> <span class='ocrx_word' id='word_1_223' title='bbox 1592 1562 1706 1596; x_wconf 83' lang='lat' dir='ltr'><strong><em>neque</em></strong></span> <span class='ocrx_word' id='word_1_224' title='bbox 1727 1553 1850 1595; x_wconf 79' lang='lat' dir='ltr'><strong><em>potuit</em></strong></span> 
     </span>
     <span class='ocr_line' id='line_1_24' title="bbox 130 1609 1847 1656; baseline -0.003 -9"><span class='ocrx_word' id='word_1_225' title='bbox 130 1615 275 1647; x_wconf 79' lang='lat' dir='ltr'><strong><em>omnino</em></strong></span> <span class='ocrx_word' id='word_1_226' title='bbox 297 1613 402 1646; x_wconf 72' lang='lat' dir='ltr'><strong><em>sileri</em></strong></span> <span class='ocrx_word' id='word_1_227' title='bbox 425 1612 468 1646; x_wconf 87' lang='lat' dir='ltr'><strong><em>de</em></strong></span> <span class='ocrx_word' id='word_1_228' title='bbox 490 1613 710 1656; x_wconf 82' lang='lat' dir='ltr'><strong><em>imperatore</em></strong></span> <span class='ocrx_word' id='word_1_229' title='bbox 740 1614 780 1645; x_wconf 82' lang='lat' dir='ltr'><strong><em>in</em></strong></span> <span class='ocrx_word' id='word_1_230' title='bbox 805 1613 908 1646; x_wconf 78' lang='lat' dir='ltr'><strong><em>tilulo</em></strong></span> <span class='ocrx_word' id='word_1_231' title='bbox 938 1612 1002 1645; x_wconf 77' lang='lat' dir='ltr'><strong><em>illo</em></strong></span> <span class='ocrx_word' id='word_1_232' title='bbox 1036 1612 1112 1645; x_wconf 81' lang='lat' dir='ltr'><strong><em>loeo</em></strong></span> <span class='ocrx_word' id='word_1_233' title='bbox 1135 1611 1335 1654; x_wconf 76' lang='lat' dir='ltr'><strong><em>proposito,</em></strong></span> <span class='ocrx_word' id='word_1_234' title='bbox 1365 1610 1428 1642; x_wconf 77' lang='lat' dir='ltr'><strong><em>sed</em></strong></span> <span class='ocrx_word' id='word_1_235' title='bbox 1447 1611 1570 1652; x_wconf 77' lang='lat' dir='ltr'><strong><em>potius</em></strong></span> <span class='ocrx_word' id='word_1_236' title='bbox 1594 1609 1734 1642; x_wconf 81' lang='lat' dir='ltr'><strong><em>labente</em></strong></span> <span class='ocrx_word' id='word_1_237' title='bbox 1756 1618 1847 1641; x_wconf 79' lang='lat' dir='ltr'><strong><em>saec.</em></strong></span> 
     </span>
     <span class='ocr_line' id='line_1_25' title="bbox 129 1665 1844 1713; baseline -0.004 -9"><span class='ocrx_word' id='word_1_238' title='bbox 129 1672 250 1712; x_wconf 78' lang='lat' dir='ltr'><strong><em>tertio,</em></strong></span> <span class='ocrx_word' id='word_1_239' title='bbox 274 1681 354 1703; x_wconf 83' lang='lat' dir='ltr'><strong><em>cum</em></strong></span> <span class='ocrx_word' id='word_1_240' title='bbox 377 1671 612 1713; x_wconf 77' lang='lat' dir='ltr'><strong><em>imperatores</em></strong></span> <span class='ocrx_word' id='word_1_241' title='bbox 636 1669 987 1703; x_wconf 74' lang='lat' dir='ltr'><strong><em>administrationem</em></strong></span> <span class='ocrx_word' id='word_1_242' title='bbox 1019 1669 1120 1702; x_wconf 62' lang='lat' dir='ltr'><strong><em>urhis</em></strong></span> <span class='ocrx_word' id='word_1_243' title='bbox 1144 1666 1274 1701; x_wconf 79' lang='lat' dir='ltr'><strong><em>Romae</em></strong></span> <span class='ocrx_word' id='word_1_244' title='bbox 1295 1666 1476 1710; x_wconf 76' lang='lat' dir='ltr'><strong><em>paulatim</em></strong></span> <span class='ocrx_word' id='word_1_245' title='bbox 1500 1668 1645 1699; x_wconf 74' lang='lat' dir='ltr'><strong><em>senatui</em></strong></span> <span class='ocrx_word' id='word_1_246' title='bbox 1667 1665 1844 1708; x_wconf 80' lang='lat' dir='ltr'><strong><em>relinque-</em></strong></span> 
     </span>
     <span class='ocr_line' id='line_1_26' title="bbox 129 1727 633 1769; baseline 0 -8"><span class='ocrx_word' id='word_1_247' title='bbox 129 1727 302 1769; x_wconf 58' lang='lat' dir='ltr'><strong><em>rentsvel</em></strong></span> <span class='ocrx_word' id='word_1_248' title='bbox 323 1729 433 1760; x_wconf 80' lang='lat' dir='ltr'><strong><em>etiam</em></strong></span> <span class='ocrx_word' id='word_1_249' title='bbox 455 1738 547 1760; x_wconf 73' lang='lat' dir='ltr'><strong><em>saec.</em></strong></span> <span class='ocrx_word' id='word_1_250' title='bbox 571 1727 633 1761; x_wconf 91' lang='lat' dir='ltr'><strong>1V.</strong></span> 
     </span>
    </p>
   </div>
   <div class='ocr_carea' id='block_1_11' title="bbox 132 1814 1845 1996">
    <p class='ocr_par' dir='ltr' id='par_1_12' title="bbox 132 1814 1845 1996">
     <span class='ocr_line' id='line_1_27' title="bbox 242 1814 1845 1873; baseline -0.007 -8"><span class='ocrx_word' id='word_1_251' title='bbox 242 1817 357 1864; x_wconf 75' lang='lat'><strong>3327</strong></span> <span class='ocrx_word' id='word_1_252' title='bbox 407 1820 580 1860; x_wconf 77' lang='lat' dir='ltr'><strong><em>Saturno</em></strong></span> <span class='ocrx_word' id='word_1_253' title='bbox 621 1818 627 1873; x_wconf 90' lang='grc' dir='ltr'>Ι</span> <span class='ocrx_word' id='word_1_254' title='bbox 669 1821 767 1871; x_wconf 84' lang='lat' dir='ltr'><strong>Aug.</strong></span> <span class='ocrx_word' id='word_1_255' title='bbox 799 1832 878 1860; x_wconf 85' lang='lat' dir='ltr'><strong>sac.</strong></span> <span class='ocrx_word' id='word_1_256' title='bbox 913 1817 920 1873; x_wconf 88' lang='grc' dir='ltr'>Ι</span> <span class='ocrx_word' id='word_1_257' title='bbox 955 1819 1113 1860; x_wconf 78' lang='lat' dir='ltr'><strong><em>Claudia</em></strong></span> <span class='ocrx_word' id='word_1_258' title='bbox 1149 1817 1156 1872; x_wconf 92' lang='grc' dir='ltr'>Ι</span> <span class='ocrx_word' id='word_1_259' title='bbox 1191 1816 1443 1870; x_wconf 71' lang='lat' dir='ltr'><strong><em>Aesernina}</em></strong></span> <span class='ocrx_word' id='word_1_260' title='bbox 1476 1817 1661 1857; x_wconf 82' lang='lat' dir='ltr'><strong><em>sacerdos</em></strong></span> <span class='ocrx_word' id='word_1_261' title='bbox 1695 1814 1700 1869; x_wconf 89' lang='grc' dir='ltr'>Ι</span> <span class='ocrx_word' id='word_1_262' title='bbox 1737 1815 1845 1855; x_wconf 76' lang='lat' dir='ltr'><strong><em>divae</em></strong></span> 
     </span>
     <span class='ocr_line' id='line_1_28' title="bbox 132 1888 523 1943; baseline -0.005 -14"><span class='ocrx_word' id='word_1_263' title='bbox 132 1890 328 1942; x_wconf 73' lang='lat' dir='ltr'><strong><em>Augustae</em></strong></span> <span class='ocrx_word' id='word_1_264' title='bbox 355 1888 360 1943; x_wconf 89' lang='grc' dir='ltr'>Ι</span> <span class='ocrx_word' id='word_1_265' title='bbox 388 1895 415 1928; x_wconf 77' lang='lat' dir='ltr'><strong><em>t.</em></strong></span> <span class='ocrx_word' id='word_1_266' title='bbox 437 1901 476 1941; x_wconf 92' lang='lat' dir='ltr'><strong>p.</strong></span> <span class='ocrx_word' id='word_1_267' title='bbox 498 1889 523 1928; x_wconf 91' lang='lat' dir='ltr'><strong><em>i.</em></strong></span> 
     </span>
     <span class='ocr_line' id='line_1_29' title="bbox 245 1953 1198 1996; baseline -0.002 -8"><span class='ocrx_word' id='word_1_268' title='bbox 245 1955 417 1988; x_wconf 83' lang='lat' dir='ltr'><strong><em>Naronae</em></strong></span> <span class='ocrx_word' id='word_1_269' title='bbox 438 1958 478 1987; x_wconf 82' lang='lat' dir='ltr'><strong><em>in</em></strong></span> <span class='ocrx_word' id='word_1_270' title='bbox 501 1954 686 1988; x_wconf 81' lang='lat' dir='ltr'><strong><em>Dalmatia</em></strong></span> <span class='ocrx_word' id='word_1_271' title='bbox 710 1955 785 1994; x_wconf 91' lang='grc'><strong>(111</strong></span> <span class='ocrx_word' id='word_1_272' title='bbox 804 1954 888 1988; x_wconf 86' lang='grc'><strong>1796</strong></span> <span class='ocrx_word' id='word_1_273' title='bbox 912 1953 964 1987; x_wconf 70' lang='lat' dir='ltr'><strong><em>bis</em></strong></span> <span class='ocrx_word' id='word_1_274' title='bbox 989 1953 1198 1996; x_wconf 75' lang='lat' dir='ltr'><strong><em>descripta).</em></strong></span> 
     </span>
    </p>
   </div>
   <div class='ocr_carea' id='block_1_12' title="bbox 131 2039 1847 2212">
    <p class='ocr_par' dir='ltr' id='par_1_13' title="bbox 131 2039 1847 2212">
     <span class='ocr_line' id='line_1_30' title="bbox 243 2039 1122 2102; baseline -0.007 -11"><span class='ocrx_word' id='word_1_275' title='bbox 243 2045 360 2092; x_wconf 76' lang='grc'><strong><em>3328</em></strong></span> <span class='ocrx_word' id='word_1_276' title='bbox 419 2047 590 2087; x_wconf 73' lang='lat' dir='ltr'><strong><em>Saturno</em></strong></span> <span class='ocrx_word' id='word_1_277' title='bbox 618 2045 623 2101; x_wconf 87' lang='grc' dir='ltr'>Ι</span> <span class='ocrx_word' id='word_1_278' title='bbox 651 2039 950 2102; x_wconf 80' lang='lat' dir='ltr'><strong><em>conserv[atori]</em></strong></span> <span class='ocrx_word' id='word_1_279' title='bbox 979 2045 985 2100; x_wconf 88' lang='grc' dir='ltr'>Ι</span> <span class='ocrx_word' id='word_1_280' title='bbox 1014 2075 1023 2085; x_wconf 91' lang='grc'><strong>.</strong></span> <span class='ocrx_word' id='word_1_281' title='bbox 1047 2078 1057 2088; x_wconf 99' lang='grc'><strong>.</strong></span> <span class='ocrx_word' id='word_1_282' title='bbox 1080 2076 1090 2085; x_wconf 91' lang='grc'><strong>.</strong></span> <span class='ocrx_word' id='word_1_283' title='bbox 1113 2076 1122 2085; x_wconf 94' lang='grc'><strong>.</strong></span> 
     </span>
     <span class='ocr_line' id='line_1_31' title="bbox 246 2110 1847 2156; baseline -0.003 -9"><span class='ocrx_word' id='word_1_284' title='bbox 246 2113 410 2148; x_wconf 76' lang='lat' dir='ltr'><strong><em>Veronae</em></strong></span> <span class='ocrx_word' id='word_1_285' title='bbox 419 2115 437 2154; x_wconf 90' lang='lat'><em>(</em></span> <span class='ocrx_word' id='word_1_286' title='bbox 437 2113 475 2147; x_wconf 90' lang='lat' dir='ltr'><em>V</em></span> <span class='ocrx_word' id='word_1_287' title='bbox 475 2114 571 2148; x_wconf 89' lang='grc'><strong><em>5295</em></strong></span> <span class='ocrx_word' id='word_1_288' title='bbox 583 2113 676 2146; x_wconf 78' lang='lat' dir='ltr'><strong><em>ve&#39;dit</em></strong></span> <span class='ocrx_word' id='word_1_289' title='bbox 685 2113 904 2156; x_wconf 72' lang='lat' dir='ltr'><strong><em>Momnueu).</em></strong></span> <span class='ocrx_word' id='word_1_290' title='bbox 930 2112 1032 2146; x_wconf 75' lang='lat' dir='ltr'><strong><em>Alias</em></strong></span> <span class='ocrx_word' id='word_1_291' title='bbox 1044 2112 1287 2146; x_wconf 78' lang='lat' dir='ltr'><strong><em>dedicationes</em></strong></span> <span class='ocrx_word' id='word_1_292' title='bbox 1299 2111 1458 2146; x_wconf 80' lang='lat' dir='ltr'><strong><em>Saturno</em></strong></span> <span class='ocrx_word' id='word_1_293' title='bbox 1469 2110 1648 2154; x_wconf 80' lang='lat' dir='ltr'><strong><em>(Saturno</em></strong></span> <span class='ocrx_word' id='word_1_294' title='bbox 1661 2110 1847 2152; x_wconf 77' lang='lat' dir='ltr'><strong><em>Augusto)</em></strong></span> 
     </span>
     <span class='ocr_line' id='line_1_32' title="bbox 131 2170 1007 2212; baseline -0.003 -7"><span class='ocrx_word' id='word_1_295' title='bbox 131 2170 251 2212; x_wconf 71' lang='lat' dir='ltr'><strong><em>saetas</em></strong></span> <span class='ocrx_word' id='word_1_296' title='bbox 276 2171 439 2205; x_wconf 81' lang='lat' dir='ltr'><strong><em>Veronae</em></strong></span> <span class='ocrx_word' id='word_1_297' title='bbox 462 2171 569 2203; x_wconf 70' lang='lat' dir='ltr'><strong><em>nabes</em></strong></span> <span class='ocrx_word' id='word_1_298' title='bbox 596 2170 634 2202; x_wconf 92' lang='lat' dir='ltr'><em>V</em></span> <span class='ocrx_word' id='word_1_299' title='bbox 647 2170 751 2204; x_wconf 88' lang='grc'><strong>5291.</strong></span> <span class='ocrx_word' id='word_1_300' title='bbox 773 2170 881 2204; x_wconf 88' lang='grc'><strong><em>5292.</em></strong></span> <span class='ocrx_word' id='word_1_301' title='bbox 905 2170 1007 2203; x_wconf 74' lang='lat'><strong>8844.</strong></span> 
     </span>
    </p>
   </div>
   <div class='ocr_carea' id='block_1_13' title="bbox 244 2258 1785 2317">
    <p class='ocr_par' dir='ltr' id='par_1_14' title="bbox 244 2258 1785 2317">
     <span class='ocr_line' id='line_1_33' title="bbox 244 2258 1785 2317; baseline -0.004 -12"><span class='ocrx_word' id='word_1_302' title='bbox 244 2261 360 2309; x_wconf 73' lang='grc'><strong><em>3329</em></strong></span> <span class='ocrx_word' id='word_1_303' title='bbox 408 2263 485 2317; x_wconf 85' lang='lat' dir='ltr'><strong><em>Opi</em></strong></span> <span class='ocrx_word' id='word_1_304' title='bbox 513 2263 667 2304; x_wconf 85' lang='lat' dir='ltr'><strong><em>divinae</em></strong></span> <span class='ocrx_word' id='word_1_305' title='bbox 693 2260 699 2317; x_wconf 91' lang='grc' dir='ltr'>Ι</span> <span class='ocrx_word' id='word_1_306' title='bbox 726 2263 768 2302; x_wconf 83' lang='grc' dir='ltr'><strong><em>Ρ.</em></strong></span> <span class='ocrx_word' id='word_1_307' title='bbox 796 2263 986 2303; x_wconf 76' lang='lat' dir='ltr'><strong><em>Aruntius</em></strong></span> <span class='ocrx_word' id='word_1_308' title='bbox 1012 2262 1018 2315; x_wconf 94' lang='grc' dir='ltr'>Ι</span> <span class='ocrx_word' id='word_1_309' title='bbox 1047 2261 1087 2300; x_wconf 87' lang='grc' dir='ltr'><strong><em>Ρ.</em></strong></span> <span class='ocrx_word' id='word_1_310' title='bbox 1119 2262 1144 2301; x_wconf 82' lang='lat' dir='ltr'><strong><em>f.</em></strong></span> <span class='ocrx_word' id='word_1_311' title='bbox 1173 2259 1179 2314; x_wconf 87' lang='grc' dir='ltr'>Ι</span> <span class='ocrx_word' id='word_1_312' title='bbox 1205 2261 1448 2301; x_wconf 81' lang='lat' dir='ltr'><strong><em>Aeserninus</em></strong></span> <span class='ocrx_word' id='word_1_313' title='bbox 1478 2258 1622 2308; x_wconf 78' lang='lat' dir='ltr'><strong><em>lllllvir</em></strong></span> <span class='ocrx_word' id='word_1_314' title='bbox 1647 2259 1652 2315; x_wconf 87' lang='grc' dir='ltr'>Ι</span> <span class='ocrx_word' id='word_1_315' title='bbox 1680 2273 1719 2313; x_wconf 91' lang='lat' dir='ltr'><strong><em>p.</em></strong></span> <span class='ocrx_word' id='word_1_316' title='bbox 1751 2272 1785 2299; x_wconf 91' lang='lat' dir='ltr'><strong><em>v.</em></strong></span> 
     </span>
    </p>
   </div>
   <div class='ocr_carea' id='block_1_14' title="bbox 133 2324 1852 2432">
    <p class='ocr_par' dir='ltr' id='par_1_15' title="bbox 133 2324 1852 2432">
     <span class='ocr_line' id='line_1_34' title="bbox 247 2324 1852 2374; baseline -0.004 -10"><span class='ocrx_word' id='word_1_317' title='bbox 247 2331 361 2374; x_wconf 80' lang='lat' dir='ltr'><strong><em>Prope</em></strong></span> <span class='ocrx_word' id='word_1_318' title='bbox 390 2330 600 2363; x_wconf 74' lang='lat' dir='ltr'><strong><em>Aeserniam</em></strong></span> <span class='ocrx_word' id='word_1_319' title='bbox 632 2329 701 2370; x_wconf 85' lang='lat' dir='ltr'><strong><em>(IX</em></strong></span> <span class='ocrx_word' id='word_1_320' title='bbox 718 2330 815 2364; x_wconf 89' lang='grc'><strong><em>2655</em></strong></span> <span class='ocrx_word' id='word_1_321' title='bbox 844 2330 893 2363; x_wconf 86' lang='lat' dir='ltr'><strong><em>ad</em></strong></span> <span class='ocrx_word' id='word_1_322' title='bbox 920 2329 1120 2372; x_wconf 72' lang='lat' dir='ltr'><strong><em>exemplum</em></strong></span> <span class='ocrx_word' id='word_1_323' title='bbox 1150 2329 1309 2362; x_wconf 75' lang='lat' dir='ltr'><strong><em>auctoris</em></strong></span> <span class='ocrx_word' id='word_1_324' title='bbox 1335 2324 1451 2371; x_wconf 65' lang='lat' dir='ltr'><strong><em>paene</em></strong></span> <span class='ocrx_word' id='word_1_325' title='bbox 1474 2329 1594 2370; x_wconf 78' lang='lat' dir='ltr'><strong><em>ignoti</em></strong></span> <span class='ocrx_word' id='word_1_326' title='bbox 1622 2330 1657 2360; x_wconf 80' lang='lat' dir='ltr'><strong><em>et</em></strong></span> <span class='ocrx_word' id='word_1_327' title='bbox 1686 2326 1773 2368; x_wconf 80' lang='lat' dir='ltr'><strong><em>fidei</em></strong></span> <span class='ocrx_word' id='word_1_328' title='bbox 1796 2328 1852 2358; x_wconf 76' lang='lat' dir='ltr'><strong><em>in-</em></strong></span> 
     </span>
     <span class='ocr_line' id='line_1_35' title="bbox 133 2388 282 2432; baseline 0 -11"><span class='ocrx_word' id='word_1_329' title='bbox 133 2388 282 2432; x_wconf 81' lang='lat' dir='ltr'><strong><em>certae).</em></strong></span> 
     </span>
    </p>
   </div>
   <div class='ocr_carea' id='block_1_15' title="bbox 134 2444 1850 2590">
    <p class='ocr_par' dir='ltr' id='par_1_16' title="bbox 134 2444 1850 2590">
     <span class='ocr_line' id='line_1_36' title="bbox 247 2444 1850 2535; baseline -0.005 -13"><span class='ocrx_word' id='word_1_330' title='bbox 247 2477 362 2524; x_wconf 78' lang='lat'><strong><em>3830</em></strong></span> <span class='ocrx_word' id='word_1_331' title='bbox 422 2492 469 2520; x_wconf 83' lang='lat' dir='ltr'><strong><em>ex</em></strong></span> <span class='ocrx_word' id='word_1_332' title='bbox 499 2475 698 2535; x_wconf 74' lang='lat' dir='ltr'><strong><em>impe[r2·o]</em></strong></span> <span class='ocrx_word' id='word_1_333' title='bbox 725 2477 731 2533; x_wconf 91' lang='grc' dir='ltr'>Ι</span> <span class='ocrx_word' id='word_1_334' title='bbox 759 2478 835 2532; x_wconf 88' lang='lat' dir='ltr'><strong><em>Opi</em></strong></span> <span class='ocrx_word' id='word_1_335' title='bbox 865 2485 905 2519; x_wconf 79' lang='lat' dir='ltr'><strong><em>et</em></strong></span> <span class='ocrx_word' id='word_1_336' title='bbox 929 2478 935 2534; x_wconf 89' lang='grc' dir='ltr'>Ι</span> <span class='ocrx_word' id='word_1_337' title='bbox 963 2478 1078 2519; x_wconf 85' lang='lat' dir='ltr'>dibus</span> <span class='ocrx_word' id='word_1_338' title='bbox 1108 2483 1147 2518; x_wconf 79' lang='lat' dir='ltr'><strong><em>et</em></strong></span> <span class='ocrx_word' id='word_1_339' title='bbox 1171 2478 1178 2531; x_wconf 95' lang='grc' dir='ltr'>Ι</span> <span class='ocrx_word' id='word_1_340' title='bbox 1204 2476 1364 2525; x_wconf 85' lang='lat' dir='ltr'>deabus,</span> <span class='ocrx_word' id='word_1_341' title='bbox 1391 2475 1398 2532; x_wconf 88' lang='grc' dir='ltr'>Ι</span> <span class='ocrx_word' id='word_1_342' title='bbox 1425 2444 1551 2516; x_wconf 50' lang='lat' dir='ltr'><strong><em>Venia</em></strong></span> <span class='ocrx_word' id='word_1_343' title='bbox 1578 2474 1585 2529; x_wconf 89' lang='grc' dir='ltr'>Ι</span> <span class='ocrx_word' id='word_1_344' title='bbox 1612 2505 1735 2518; x_wconf 88' lang='grc'><strong>.....</strong></span> <span class='ocrx_word' id='word_1_345' title='bbox 1740 2476 1750 2496; x_wconf 94' lang='lat'>¹</span> <span class='ocrx_word' id='word_1_346' title='bbox 1777 2474 1784 2528; x_wconf 92' lang='grc' dir='ltr'>Ι</span> <span class='ocrx_word' id='word_1_347' title='bbox 1811 2475 1850 2514; x_wconf 83' lang='grc'><strong>(1.</strong></span> 
     </span>
     <span class='ocr_line' id='line_1_37' title="bbox 134 2549 1429 2590; baseline -0.005 0"><span class='ocrx_word' id='word_1_348' title='bbox 134 2549 172 2590; x_wconf 82' lang='lat' dir='ltr'><strong><em>d.</em></strong></span> <span class='ocrx_word' id='word_1_349' title='bbox 203 2549 228 2590; x_wconf 90' lang='grc'><strong><em>1.</em></strong></span> <span class='ocrx_word' id='word_1_350' title='bbox 260 2561 314 2589; x_wconf 89' lang='lat' dir='ltr'><strong><em>m.</em></strong></span> <span class='ocrx_word' id='word_1_351' title='bbox 1424 2568 1429 2571; x_wconf 96' lang='lat'><em>-</em></span> 
     </span>
    </p>
   </div>
   <div class='ocr_carea' id='block_1_16' title="bbox 133 2609 1852 2717">
    <p class='ocr_par' dir='ltr' id='par_1_17' title="bbox 133 2609 1852 2717">
     <span class='ocr_line' id='line_1_38' title="bbox 249 2609 1852 2659; baseline -0.004 -10"><span class='ocrx_word' id='word_1_352' title='bbox 249 2616 364 2659; x_wconf 81' lang='lat' dir='ltr'><strong><em>Prope</em></strong></span> <span class='ocrx_word' id='word_1_353' title='bbox 379 2615 506 2649; x_wconf 81' lang='lat' dir='ltr'><strong><em>Albam</em></strong></span> <span class='ocrx_word' id='word_1_354' title='bbox 522 2614 728 2655; x_wconf 74' lang='lat' dir='ltr'><strong><em>Fue-entem,</em></strong></span> <span class='ocrx_word' id='word_1_355' title='bbox 752 2623 824 2646; x_wconf 89' lang='lat' dir='ltr'><strong><em>non</em></strong></span> <span class='ocrx_word' id='word_1_356' title='bbox 846 2612 952 2655; x_wconf 83' lang='lat' dir='ltr'><strong><em>longe</em></strong></span> <span class='ocrx_word' id='word_1_357' title='bbox 976 2623 997 2645; x_wconf 90' lang='lat' dir='ltr'><strong><em>a</em></strong></span> <span class='ocrx_word' id='word_1_358' title='bbox 1027 2611 1276 2654; x_wconf 75' lang='lat' dir='ltr'><strong><em>TagHuevzw,</em></strong></span> <span class='ocrx_word' id='word_1_359' title='bbox 1300 2622 1374 2655; x_wconf 85' lang='lat' dir='ltr'><strong>rep.</strong></span> <span class='ocrx_word' id='word_1_360' title='bbox 1399 2611 1467 2652; x_wconf 83' lang='lat' dir='ltr'><strong><em>(IX</em></strong></span> <span class='ocrx_word' id='word_1_361' title='bbox 1481 2611 1571 2645; x_wconf 88' lang='grc'><strong><em>5912</em></strong></span> <span class='ocrx_word' id='word_1_362' title='bbox 1597 2611 1689 2644; x_wconf 74' lang='lat' dir='ltr'><strong><em>vidit</em></strong></span> <span class='ocrx_word' id='word_1_363' title='bbox 1707 2609 1852 2643; x_wconf 85' lang='lat' dir='ltr'><strong><em>Momm-</em></strong></span> 
     </span>
     <span class='ocr_line' id='line_1_39' title="bbox 133 2668 1208 2717; baseline -0.004 -11"><span class='ocrx_word' id='word_1_364' title='bbox 133 2672 226 2717; x_wconf 69' lang='grc' dir='ltr'><strong><em>κη).</em></strong></span> <span class='ocrx_word' id='word_1_365' title='bbox 249 2691 293 2697; x_wconf 94' lang='lat'><strong><em>—-</em></strong></span> <span class='ocrx_word' id='word_1_366' title='bbox 320 2673 352 2712; x_wconf 90' lang='lat'><strong><em>1)</em></strong></span> <span class='ocrx_word' id='word_1_367' title='bbox 379 2671 580 2714; x_wconf 75' lang='lat' dir='ltr'><strong><em>Cognomen</em></strong></span> <span class='ocrx_word' id='word_1_368' title='bbox 605 2670 746 2704; x_wconf 79' lang='lat' dir='ltr'><strong><em>Vettiae</em></strong></span> <span class='ocrx_word' id='word_1_369' title='bbox 771 2671 867 2703; x_wconf 67' lang='lat' dir='ltr'><strong><em>recta</em></strong></span> <span class='ocrx_word' id='word_1_370' title='bbox 889 2668 961 2711; x_wconf 75' lang='lat' dir='ltr'><strong><em>legi</em></strong></span> <span class='ocrx_word' id='word_1_371' title='bbox 984 2678 1056 2701; x_wconf 89' lang='lat' dir='ltr'><strong><em>non</em></strong></span> <span class='ocrx_word' id='word_1_372' title='bbox 1078 2670 1208 2712; x_wconf 79' lang='lat' dir='ltr'><strong><em>potnit.</em></strong></span> 
     </span>
    </p>
   </div>
   <div class='ocr_carea' id='block_1_17' title="bbox 132 2760 1853 3100">
    <p class='ocr_par' dir='ltr' id='par_1_18' title="bbox 248 2760 1245 2820">
     <span class='ocr_line' id='line_1_40' title="bbox 248 2760 1245 2820; baseline -0.007 -11"><span class='ocrx_word' id='word_1_373' title='bbox 248 2761 360 2808; x_wconf 78' lang='grc'><strong>3331</strong></span> <span class='ocrx_word' id='word_1_374' title='bbox 423 2760 528 2820; x_wconf 75' lang='lat' dir='ltr'><strong><em>[Opi]</em></strong></span> <span class='ocrx_word' id='word_1_375' title='bbox 562 2763 714 2816; x_wconf 78' lang='lat' dir='ltr'><strong><em>Opifer.</em></strong></span> <span class='ocrx_word' id='word_1_376' title='bbox 744 2762 837 2803; x_wconf 81' lang='lat' dir='ltr'><strong><em>sac.¹</em></strong></span> <span class='ocrx_word' id='word_1_377' title='bbox 869 2762 900 2801; x_wconf 92' lang='lat' dir='ltr'>D</span> <span class='ocrx_word' id='word_1_378' title='bbox 925 2792 933 2801; x_wconf 95' lang='lat'><strong><em>.</em></strong></span> <span class='ocrx_word' id='word_1_379' title='bbox 956 2795 963 2803; x_wconf 93' lang='lat'><strong><em>.</em></strong></span> <span class='ocrx_word' id='word_1_380' title='bbox 992 2791 999 2798; x_wconf 92' lang='lat'><strong><em>.</em></strong></span> <span class='ocrx_word' id='word_1_381' title='bbox 1020 2764 1053 2807; x_wconf 90' lang='grc' dir='ltr'><strong><em>Ι.</em></strong></span> <span class='ocrx_word' id='word_1_382' title='bbox 1076 2791 1086 2800; x_wconf 90' lang='grc'><strong>.</strong></span> <span class='ocrx_word' id='word_1_383' title='bbox 1109 2791 1118 2800; x_wconf 94' lang='grc'><strong>.</strong></span> <span class='ocrx_word' id='word_1_384' title='bbox 1143 2791 1152 2800; x_wconf 94' lang='grc'><strong>.</strong></span> <span class='ocrx_word' id='word_1_385' title='bbox 1173 2762 1245 2802; x_wconf 89' lang='lat' dir='ltr'><strong>ius.</strong></span> 
     </span>
    </p>

    <p class='ocr_par' dir='ltr' id='par_1_19' title="bbox 132 2824 1853 3100">
     <span class='ocr_line' id='line_1_41' title="bbox 250 2824 1852 2875; baseline -0.005 -10"><span class='ocrx_word' id='word_1_386' title='bbox 250 2832 364 2875; x_wconf 83' lang='lat' dir='ltr'><strong><em>Prope</em></strong></span> <span class='ocrx_word' id='word_1_387' title='bbox 387 2831 545 2865; x_wconf 73' lang='lat' dir='ltr'><strong><em>Fidenas</em></strong></span> <span class='ocrx_word' id='word_1_388' title='bbox 567 2841 654 2874; x_wconf 73' lang='lat' dir='ltr'><strong><em>rep„</em></strong></span> <span class='ocrx_word' id='word_1_389' title='bbox 677 2828 917 2872; x_wconf 78' lang='lat' dir='ltr'><strong><em>fragmenlem</em></strong></span> <span class='ocrx_word' id='word_1_390' title='bbox 940 2829 1037 2861; x_wconf 75' lang='lat' dir='ltr'><strong><em>vasis</em></strong></span> <span class='ocrx_word' id='word_1_391' title='bbox 1061 2827 1233 2871; x_wconf 74' lang='lat' dir='ltr'><strong><em>quadrati</em></strong></span> <span class='ocrx_word' id='word_1_392' title='bbox 1256 2826 1365 2870; x_wconf 79' lang='lat' dir='ltr'><strong>(Eph.</strong></span> <span class='ocrx_word' id='word_1_393' title='bbox 1386 2827 1418 2868; x_wconf 92' lang='grc'><strong><em>7,</em></strong></span> <span class='ocrx_word' id='word_1_394' title='bbox 1434 2826 1522 2861; x_wconf 84' lang='grc'><strong><em>1268</em></strong></span> <span class='ocrx_word' id='word_1_395' title='bbox 1538 2840 1583 2854; x_wconf 79' lang='lat'><strong><em>==</em></strong></span> <span class='ocrx_word' id='word_1_396' title='bbox 1599 2824 1742 2858; x_wconf 68' lang='lat' dir='ltr'><strong><em>Notizfe</em></strong></span> <span class='ocrx_word' id='word_1_397' title='bbox 1766 2824 1852 2857; x_wconf 90' lang='grc'><strong>1889</strong></span> 
     </span>
     <span class='ocr_line' id='line_1_42' title="bbox 132 2880 1853 2932; baseline -0.006 -10"><span class='ocrx_word' id='word_1_398' title='bbox 132 2898 172 2931; x_wconf 86' lang='lat' dir='ltr'><strong>p.</strong></span> <span class='ocrx_word' id='word_1_399' title='bbox 183 2888 247 2922; x_wconf 89' lang='grc'><strong>109</strong></span> <span class='ocrx_word' id='word_1_400' title='bbox 263 2887 374 2922; x_wconf 77' lang='lat' dir='ltr'><strong><em>deser.</em></strong></span> <span class='ocrx_word' id='word_1_401' title='bbox 393 2887 643 2932; x_wconf 76' lang='lat' dir='ltr'><strong><em>Lanelanius).</em></strong></span> <span class='ocrx_word' id='word_1_402' title='bbox 659 2903 705 2912; x_wconf 86' lang='lat'><strong><em>—-</em></strong></span> <span class='ocrx_word' id='word_1_403' title='bbox 730 2887 761 2927; x_wconf 91' lang='lat'><strong><em>1)</em></strong></span> <span class='ocrx_word' id='word_1_404' title='bbox 790 2886 873 2929; x_wconf 75' lang='lat' dir='ltr'><strong><em>Opis</em></strong></span> <span class='ocrx_word' id='word_1_405' title='bbox 892 2883 1061 2927; x_wconf 74' lang='lat' dir='ltr'><strong><em>Opiferae</em></strong></span> <span class='ocrx_word' id='word_1_406' title='bbox 1083 2894 1188 2918; x_wconf 76' lang='lat' dir='ltr'><strong><em>sacra</em></strong></span> <span class='ocrx_word' id='word_1_407' title='bbox 1213 2884 1354 2916; x_wconf 81' lang='lat' dir='ltr'><strong><em>urbana</em></strong></span> <span class='ocrx_word' id='word_1_408' title='bbox 1377 2885 1552 2915; x_wconf 83' lang='lat' dir='ltr'><strong><em>memorat</em></strong></span> <span class='ocrx_word' id='word_1_409' title='bbox 1575 2880 1853 2923; x_wconf 69' lang='lat' dir='ltr'><strong><em>hemerolog‘t‘um</em></strong></span> 
     </span>
     <span class='ocr_line' id='line_1_43' title="bbox 137 2937 1853 2988; baseline -0.005 -10"><span class='ocrx_word' id='word_1_410' title='bbox 137 2946 298 2988; x_wconf 61' lang='lat' dir='ltr'><strong><em>fratrum</em></strong></span> <span class='ocrx_word' id='word_1_411' title='bbox 313 2944 504 2978; x_wconf 77' lang='lat' dir='ltr'><strong><em>Arvalium</em></strong></span> <span class='ocrx_word' id='word_1_412' title='bbox 527 2945 590 2978; x_wconf 69' lang='lat' dir='ltr'><strong><em>sub</em></strong></span> <span class='ocrx_word' id='word_1_413' title='bbox 608 2944 642 2978; x_wconf 86' lang='lat' dir='ltr'><strong>d.</strong></span> <span class='ocrx_word' id='word_1_414' title='bbox 657 2945 707 2978; x_wconf 88' lang='grc'><strong><em>25</em></strong></span> <span class='ocrx_word' id='word_1_415' title='bbox 723 2945 817 2986; x_wconf 75' lang='lat' dir='ltr'><strong>Aug.</strong></span> <span class='ocrx_word' id='word_1_416' title='bbox 836 2941 900 2987; x_wconf 77' lang='lat' dir='ltr'><strong>(cf.</strong></span> <span class='ocrx_word' id='word_1_417' title='bbox 919 2941 1003 2976; x_wconf 70' lang='lat'><strong>011..</strong></span> <span class='ocrx_word' id='word_1_418' title='bbox 1020 2941 1040 2974; x_wconf 95' lang='lat'><em>1</em></span> <span class='ocrx_word' id='word_1_419' title='bbox 1062 2940 1115 2974; x_wconf 75' lang='lat' dir='ltr'><strong><em>ed.</em></strong></span> <span class='ocrx_word' id='word_1_420' title='bbox 1130 2941 1153 2973; x_wconf 92' lang='grc'><strong><em>2</em></strong></span> <span class='ocrx_word' id='word_1_421' title='bbox 1174 2950 1211 2983; x_wconf 90' lang='lat' dir='ltr'><strong>p.</strong></span> <span class='ocrx_word' id='word_1_422' title='bbox 1227 2940 1328 2983; x_wconf 87' lang='grc'><strong><em>526),</em></strong></span> <span class='ocrx_word' id='word_1_423' title='bbox 1352 2938 1473 2972; x_wconf 83' lang='lat' dir='ltr'><strong><em>aedem</em></strong></span> <span class='ocrx_word' id='word_1_424' title='bbox 1497 2937 1652 2972; x_wconf 70' lang='lat' dir='ltr'><strong><em>eiusdem</em></strong></span> <span class='ocrx_word' id='word_1_425' title='bbox 1677 2937 1763 2970; x_wconf 82' lang='lat' dir='ltr'><strong><em>deae</em></strong></span> <span class='ocrx_word' id='word_1_426' title='bbox 1779 2946 1853 2969; x_wconf 82' lang='lat' dir='ltr'><strong><em>me—</em></strong></span> 
     </span>
     <span class='ocr_line' id='line_1_44' title="bbox 137 2988 1848 3042; baseline -0.005 -8"><span class='ocrx_word' id='word_1_427' title='bbox 137 3004 256 3035; x_wconf 79' lang='lat' dir='ltr'><strong><em>morat</em></strong></span> <span class='ocrx_word' id='word_1_428' title='bbox 271 3001 363 3035; x_wconf 74' lang='lat' dir='ltr'><strong>Ptin.</strong></span> <span class='ocrx_word' id='word_1_429' title='bbox 380 3002 413 3034; x_wconf 77' lang='lat' dir='ltr'><strong><em>h..</em></strong></span> <span class='ocrx_word' id='word_1_430' title='bbox 431 3012 466 3034; x_wconf 90' lang='lat' dir='ltr'><strong>n.</strong></span> <span class='ocrx_word' id='word_1_431' title='bbox 481 2988 535 3042; x_wconf 77' lang='grc'><strong><em>11,</em></strong></span> <span class='ocrx_word' id='word_1_432' title='bbox 550 3001 634 3042; x_wconf 75' lang='grc'><strong>174,·</strong></span> <span class='ocrx_word' id='word_1_433' title='bbox 658 2999 706 3040; x_wconf 75' lang='lat' dir='ltr'><strong>cf.</strong></span> <span class='ocrx_word' id='word_1_434' title='bbox 723 3000 855 3034; x_wconf 85' lang='lat' dir='ltr'><strong><em>Iordan</em></strong></span> <span class='ocrx_word' id='word_1_435' title='bbox 873 3000 950 3042; x_wconf 76' lang='lat' dir='ltr'><strong><em>eph.</em></strong></span> <span class='ocrx_word' id='word_1_436' title='bbox 969 3009 1021 3041; x_wconf 83' lang='lat' dir='ltr'><strong><em>ep.</em></strong></span> <span class='ocrx_word' id='word_1_437' title='bbox 1039 2998 1057 3030; x_wconf 93' lang='lat'><em>1</em></span> <span class='ocrx_word' id='word_1_438' title='bbox 1073 3007 1111 3040; x_wconf 89' lang='lat' dir='ltr'><strong>p.</strong></span> <span class='ocrx_word' id='word_1_439' title='bbox 1123 2997 1206 3037; x_wconf 83' lang='grc'><strong><em>229,</em></strong></span> <span class='ocrx_word' id='word_1_440' title='bbox 1236 2995 1321 3039; x_wconf 82' lang='grc' dir='ltr'><strong>Τορ.</strong></span> <span class='ocrx_word' id='word_1_441' title='bbox 1340 2996 1357 3028; x_wconf 99' lang='grc' dir='ltr'><em>Ι</em></span> <span class='ocrx_word' id='word_1_442' title='bbox 1370 2996 1393 3028; x_wconf 90' lang='grc'><strong><em>2</em></strong></span> <span class='ocrx_word' id='word_1_443' title='bbox 1407 2997 1512 3039; x_wconf 76' lang='lat' dir='ltr'><strong>p.45.</strong></span> <span class='ocrx_word' id='word_1_444' title='bbox 1560 2994 1721 3029; x_wconf 80' lang='lat' dir='ltr'><strong><em>Ceterum</em></strong></span> <span class='ocrx_word' id='word_1_445' title='bbox 1741 2995 1848 3027; x_wconf 80' lang='lat' dir='ltr'><strong><em>etlam</em></strong></span> 
     </span>
     <span class='ocr_line' id='line_1_45' title="bbox 138 3049 1848 3100; baseline -0.004 -10"><span class='ocrx_word' id='word_1_446' title='bbox 138 3058 213 3091; x_wconf 69' lang='lat' dir='ltr'><strong><em>alia</em></strong></span> <span class='ocrx_word' id='word_1_447' title='bbox 235 3058 385 3091; x_wconf 72' lang='lat' dir='ltr'><strong><em>numina</em></strong></span> <span class='ocrx_word' id='word_1_448' title='bbox 410 3056 550 3100; x_wconf 71' lang='lat' dir='ltr'><strong><em>opifera</em></strong></span> <span class='ocrx_word' id='word_1_449' title='bbox 568 3058 780 3091; x_wconf 75' lang='lat' dir='ltr'><strong><em>dicebantur</em></strong></span> <span class='ocrx_word' id='word_1_450' title='bbox 797 3055 956 3100; x_wconf 78' lang='lat' dir='ltr'><strong><em>(Diana‚&#39;</em></strong></span> <span class='ocrx_word' id='word_1_451' title='bbox 973 3066 1002 3088; x_wconf 86' lang='lat' dir='ltr'><strong><em>v.</em></strong></span> <span class='ocrx_word' id='word_1_452' title='bbox 1019 3065 1130 3097; x_wconf 78' lang='lat' dir='ltr'><strong><em>supra</em></strong></span> <span class='ocrx_word' id='word_1_453' title='bbox 1147 3053 1192 3087; x_wconf 83' lang='lat' dir='ltr'><strong><em>N.</em></strong></span> <span class='ocrx_word' id='word_1_454' title='bbox 1203 3053 1301 3088; x_wconf 87' lang='grc'><strong><em>5258</em></strong></span> <span class='ocrx_word' id='word_1_455' title='bbox 1307 3065 1320 3092; x_wconf 91' lang='grc'><strong><em>,·</em></strong></span> <span class='ocrx_word' id='word_1_456' title='bbox 1345 3051 1509 3085; x_wconf 77' lang='lat' dir='ltr'><strong><em>Fortuna</em></strong></span> <span class='ocrx_word' id='word_1_457' title='bbox 1526 3049 1612 3084; x_wconf 83' lang='lat' dir='ltr'><strong><em>XIV</em></strong></span> <span class='ocrx_word' id='word_1_458' title='bbox 1625 3051 1729 3088; x_wconf 75' lang='lat'><em>5339,</em></span> <span class='ocrx_word' id='word_1_459' title='bbox 1755 3050 1848 3094; x_wconf 58' lang='lat' dir='ltr'><strong><em>eet).</em></strong></span> 
     </span>
    </p>
   </div>
   <div class='ocr_carea' id='block_1_18' title="bbox 1727 3108 1847 3113">
    <p class='ocr_par' dir='ltr' id='par_1_20' title="bbox 1727 3108 1847 3113">
     <span class='ocr_line' id='line_1_46' title="bbox 1727 3108 1847 3113; baseline 0 0"><span class='ocrx_word' id='word_1_460' title='bbox 1727 3108 1847 3113; x_wconf 95' lang='lat' dir='ltr'><strong><em> </em></strong></span> 
     </span>
    </p>
   </div>
  </div>
 </body>
</html>
