2092 3360
446 145 563 183 'rituli
586 145 684 183 sacri
706 147 745 183 et
769 146 1011 184 secerdotum.
1036 167 1079 173 -
1104 131 1265 184 Numine
1287 147 1456 195 Aegypti.
1734 149 1816 188 179

213 258 335 307 4875
375 262 434 302 Ti.
457 262 618 303 Claudio
649 261 803 303 Caisare
830 259 836 316 Ι
863 263 962 316 Aug.
994 262 1231 303 Germanico
1254 262 1296 312 V,
1324 263 1330 319 Ι
1359 263 1444 304 Ser.
1474 263 1660 305 Cornelio
1691 250 1819 306 Orfito

102 330 217 377 coest,
245 327 252 386 Ι
279 330 371 372 Isidi
402 329 586 372 invictai¹
614 335 654 371 et
683 330 821 383 Serapi
846 328 854 385 Ι
881 330 932 371 Μ.
956 331 1091 371 Aidius
1119 330 1327 372 Seriiliai’
1356 328 1549 389 Asiolpzi]
1577 331 1585 387 Ι
1608 332 1676 374 lib.
1701 334 1819 374 Ame-

100 398 283 439 rimans*
307 396 316 454 Ι
342 411 390 439 ex
420 399 529 440 Jisu.

215 464 358 507 Romae,
387 469 510 508 postea
537 465 686 500 Velitris
710 464 782 508 (VI
802 465 876 500 555
907 464 955 506 es.
980 465 1089 500 50747
1114 466 1379 510 descripserunt
1402 467 1602 511 complures
1624 469 1699 502 viri
1721 469 1821 503 docti

100 532 193 557 saec.
210 521 326 558 XVII.
342 522 481 563 XVIII,
505 523 546 555 in
570 523 627 555 Ιώ
649 521 863 556 Sir-mondus
878 525 914 555 et
928 522 1128 564 Marinius‚·
1151 525 1273 567 apices
1295 525 1455 557 enotavit
1476 523 1676 569 Cardinali,
1693 525 1821 570 plures

100 581 210 612 etiam
227 579 478 621 Bianehinius,
502 576 551 619 es'.
567 580 641 613 not.
653 579 688 612 2.
700 578 754 622 5).
770 597 816 603 -
844 580 875 620 1)
898 579 943 613 Α.
958 580 1014 614 54.
1030 598 1076 604 —-
1100 581 1134 620 2)
1157 581 1273 624 Ape-v,
1298 590 1400 624 quem
1414 591 1526 624 supra
1543 584 1689 616 tertiam
1711 583 1820 617 buius

100 635 270 669 vocabuli
293 637 454 670 litteram
477 636 622 669 exhibet
647 635 700 670 VI
719 637 804 679 555,
833 636 956 669 nullus
983 637 1128 670 videtur
1155 635 1270 677 fuisse
1300 635 1460 680 (notavit
1483 638 1626 680 quidem
1649 639 1820 674 Bianelti-

99 693 183 725 nius
205 693 270 726 illo
288 693 364 726 loeo
385 693 545 736 aliquid,
567 693 630 726 sed
645 694 760 736 apicis
776 693 958 735 dissimile,
981 693 1150 734 fissuram
1169 694 1294 737 potius
1318 692 1480 738 lapidis).
1495 712 1542 719 —
1564 696 1600 738 3)
1623 696 1678 728 De
1695 696 1818 731 littera

103 748 308 783 Claudiana
338 749 386 790 cll
409 760 521 794 supra
545 749 591 784 Ν.
607 749 673 784 244
697 753 771 784 not.
788 751 823 784 2.
871 750 1019 794 Apieem
1049 750 1194 783 litterae
1219 750 1440 784 Claudianae
1462 753 1502 784 in
1527 752 1593 785 hoe
1614 752 1691 786 solo
1715 763 1820 787 noea*

100 805 184 839 bulo
206 808 435 850 superponit
457 806 708 847 Bianehinius,
733 809 862 840 auctor
885 810 1089 848 accuratus,
1111 806 1176 840 sed
1197 808 1262 849 qui
1283 805 1369 846 falli
1388 809 1521 850 potuit,
1542 812 1754 851 praesertim
1778 813 1819 844 in

99 861 219 905 lapide
243 864 453 897 litteratura
474 873 649 907 perquam
673 866 774 896 tenui
796 866 959 905 exarato,
989 865 1032 895 ut
1054 865 1205 896 testatur
1227 862 1420 898 Marinius.
1466 863 1629 899 Nimium
1657 867 1715 900 bis
1738 869 1818 911 api·

100 919 202 952 cibus
231 921 361 953 tribuit
383 920 466 953 Birt
488 930 578 954 mus.
602 919 712 955 men.
736 921 796 961 52,
818 920 906 954 4897
928 919 1045 963 suppl.
1066 930 1102 963 p.
1119 920 1193 954 408.
1217 939 1263 944 -
1285 921 1321 962 4)
1346 920 1393 954 Μ.
1410 921 1555 963 Aeetius,
1578 924 1654 955 sive
1676 926 1719 956 ut
1742 927 1818 957 tum

98 977 212 1009 scribi
240 976 374 1019 voluit,
408 977 541 1010 Aidius
571 978 801 1010 Amerimnus
830 978 979 1010 libertus
1007 974 1085 1015 fuit
1112 976 1249 1010 Aede'ae
1274 976 1459 1021 Serviliae,
1495 980 1627 1012 uxoris
1654 980 1817 1022 Auiolae,

99 1031 239 1066 seilicet
262 1033 323 1067 M.'
347 1033 462 1066 Acilii
485 1034 647 1076 Aviolae,
671 1034 736 1076 qui
758 1033 884 1066 consul
904 1031 980 1073 fuit
1003 1044 1037 1066 a.
1051 1034 1105 1066 54.

215 1122 332 1170 4376
379 1124 431 1166 Isi
461 1130 502 1165 et
530 1124 670 1177 Serapi
699 1136 857 1164 sacrum
884 1122 892 1178 Ι
918 1125 965 1172 Q.
987 1125 1132 1166 Fabius
1153 1125 1320 1166 Titiani¹
1352 1125 1418 1166 lib.
1450 1126 1655 1179 Ingenuus
1684 1129 1813 1184 sevir!

98 1194 340 1247 Augustalis,
372 1193 465 1233 Fab.
488 1192 659 1233 Candida
689 1193 935 1242 sacrorum²‚
966 1206 997 1234 s.
1029 1206 1068 1246 p.

215 1260 344 1303 Megia·
368 1259 417 1303 (X
440 1259 458 1293 4
483 1259 577 1292 vidit
601 1259 820 1302 Mommsen).
843 1279 890 1285 —
915 1262 947 1304 1)
970 1260 1080 1294 Fabii
1099 1259 1238 1294 Titiani
1258 1261 1395 1294 nobiles
1419 1265 1616 1295 occurrunt
1637 1265 1677 1296 in
1700 1264 1818 1297 titulis

99 1317 233 1352 Siculis
247 1317 284 1352 X
294 1317 392 1351 7276.
408 1317 508 1351 7287.
525 1316 627 1351 7545.
643 1317 744 1352 7545.
778 1317 950 1350 Eiusdem
972 1319 1128 1350 nominis
1150 1318 1209 1349 vir
1223 1314 1299 1356 fuit
1321 1317 1448 1350 consul
1470 1318 1681 1352 ordinarius
1696 1331 1729 1354 a.
1745 1321 1818 1356 557

99 1373 228 1417 (supra
252 1373 298 1408 Ν.
313 1373 404 1408 4227
418 1377 511 1415 cot).
560 1373 614 1414 Cf.
639 1375 724 1407 item
747 1373 850 1414 inl'ra
874 1374 924 1407 ad
944 1371 1099 1409 Ν.”4585
1114 1376 1188 1408 not.
1199 1374 1234 1408 3.
1250 1393 1295 1398 -
1320 1375 1354 1415 2)
1380 1373 1433 1414 ct:
1457 1375 1561 1415 infra
1583 1375 1631 1411 N.
1647 1378 1734 1411 4408
1744 1389 1817 1421 seq.

209 1453 352 1500 4376ιι
402 1451 486 1511 l[s]i
513 1455 519 1509 Ι
547 1455 816 1508 myrionymae
850 1455 856 1509 Ι
892 1462 931 1495 et
962 1455 1098 1507 Serapi
1126 1457 1133 1506 Ι
1166 1452 1425 1511 Expect[atus
1453 1454 1684 1513 Her]{metis
1714 1461 1816 1512 Aug.

98 1519 210 1580 d[isp.
243 1521 355 1579 υἰαΙι
383 1521 389 1577 Ι
415 1535 450 1562 v.
481 1536 512 1563 s.
543 1523 568 1562 l.
601 1518 685 1579 [m.]

211 1590 384 1631 Sei-nom,
408 1591 472 1623 ubi
494 1589 568 1630 fuit
584 1589 840 1623 Noviodunum
856 1589 1084 1623 Suessionum
1110 1589 1238 1632 (Orell.
1258 1589 1342 1623 4877
1347 1602 1360 1631 ,-
1383 1589 1516 1624 Robert
1538 1590 1750 1637 epigrapkie
1774 1595 1816 1628 de

97 1646 132 1679 la
156 1645 302 1680 Mosella
326 1647 346 1680 I
365 1658 400 1691 p.
417 1647 492 1689 29).
527 1665 573 1670 -
610 1647 643 1689 1)
668 1646 858 1690 Supplevit
889 1646 1019 1691 Creuly
1051 1647 1135 1682 bull.
1161 1646 1222 1679 des
1245 1648 1472 1690 antiquaires
1496 1648 1540 1681 de
1562 1649 1707 1683 Franco
1730 1651 1816 1684 4870

93 1713 131 1746 p.
156 1702 229 1736 449.

212 1792 334 1838 43ἿἿ
373 1795 418 1836 Τ.
440 1796 650 1836 Memmius
672 1796 818 1849 Cinyps
845 1793 850 1848 Ι
877 1794 1112 1835 Tiberinus¹
1143 1795 1235 1835 Isidi
1267 1801 1306 1835 et
1336 1796 1475 1848 Sarapi
1503 1794 1509 1849 Ι
1535 1798 1628 1837 don.
1660 1797 1748 1837 ded.

217 1861 345 1905 Lupiis
362 1859 505 1906 (Lea-ce)
531 1863 606 1896 Ioco
632 1864 783 1905 antiquo
807 1863 847 1894 in
872 1864 1001 1905 crypta
1023 1863 1259 1895 subterranea
1285 1861 1354 1902 (IX
1365 1863 1407 1896 47
1423 1863 1515 1895 vidit
1531 1863 1753 1907 Mommsen).
1769 1881 1815 1888 —-

102 1920 134 1959 1)
160 1918 382 1960 Cognomina
409 1917 499 1960 (sive
522 1918 677 1951 alterum
701 1929 878 1961 agnomen
901 1917 993 1962 fuit)
1020 1919 1078 1950 hio
1100 1919 1274 1961 imposuit
1294 1920 1366 1952 sibi
1389 1930 1410 1951 a
1433 1920 1557 1960 fluviis
1580 1920 1732 1964 (Cinyps
1747 1921 1814 1961 slu-

99 1977 178 2007 vius
201 1975 363 2016 regionis
389 1973 565 2016 Syrticae,
592 1974 718 2008 Herod.
743 1975 776 2016 4,
792 1975 855 2008 475
869 1977 963 2016 eet).

213 2063 336 2110 4378
376 2066 419 2105 D.
441 2065 620 2106 Valerius
650 2066 696 2106 D.
718 2067 745 2105 s.
767 2066 856 2106 Cor.
885 2063 891 2118 Ι
919 2065 1111 2106 Proculus
1141 2066 1266 2114 aedil.‚
1297 2066 1498 2114 dictator¹‚
1527 2064 1533 2120 Ι
1561 2074 1711 2119 quaest.
1742 2068 1815 2108 ali-

98 2141 339 2182 mentorum,
382 2132 387 2186 Ι
427 2133 667 2187 hydraeum²
714 2131 931 2190 [9]emmis⁸
975 2130 1220 2188 exlornatum
1255 2139 1294 2174 et
1328 2141 1508 2175 auratum
1550 2133 1557 2189 Ι
1597 2148 1678 2176 una
1722 2149 1813 2176 cum

100 2202 253 2243 Valeria
283 2199 514 2257 Fortulnata
545 2208 585 2242 et
613 2202 765 2242 Valeria
796 2201 963 2242 Procula
989 2199 995 2256 Ι
1021 2201 1113 2242 Isidi
1144 2207 1183 2241 et
1213 2202 1349 2255 Serapi
1377 2200 1382 2257 Ι
1410 2204 1446 2243 d.
1478 2203 1516 2243 d.

212 2267 383 2302 Nomenti
397 2279 484 2312 rep.‚
506 2272 630 2311 postea
647 2268 778 2302 Romae
795 2267 902 2309 (XIV
911 2268 1000 2302 5944
1008 2277 1023 2311 ,·
1046 2269 1234 2311 catalogus
1249 2270 1380 2303 vendit.
1397 2270 1632 2312 Borghesian.
1648 2269 1746 2315 [coll.
1765 2271 1814 2304 du

98 2325 259 2370 pavillon
278 2326 321 2358 de
337 2324 536 2369 l’horloge]
559 2326 648 2360 4895
670 2336 705 2368 p.
721 2327 765 2359 84
787 2336 824 2360 n.
839 2326 932 2368 544).
956 2343 1001 2349 -
1030 2326 1059 2367 1)
1083 2325 1251 2358 Dictator
1273 2325 1453 2360 Nomenti.
1476 2346 1523 2351 —
1547 2328 1580 2368 2)
1606 2327 1814 2370 Hyan-acum

100 2385 349 2416 ornamentum
372 2383 413 2414 in
438 2383 576 2425 hydrae
599 2393 661 2414 seu
684 2384 858 2424 serpentis
882 2381 1037 2420 for-mam
1059 2381 1209 2421 factum.
1225 2401 1271 2407 —-
1295 2384 1330 2425 3)
1354 2383 1494 2416 cemmis
1519 2384 1743 2426 apographa.

213 2472 332 2519 4379
373 2474 476 2521 Isidi,
509 2475 659 2526 Serapi,
692 2473 835 2521 Liber.,
863 2472 869 2528 Ι
897 2473 1060 2514 Liberae
1079 2480 1171 2514 voto
1197 2474 1203 2527 Ι
1230 2481 1416 2526 suscepto
1438 2487 1511 2527 pro
1532 2475 1656 2514 salute
1683 2472 1689 2529 Ι
1717 2474 1812 2514 Sca-

100 2542 216 2595 pulae
247 2543 316 2583 filii
345 2543 407 2583 sui
432 2543 439 2596 Ι
467 2543 510 2583 Ρ.
532 2542 745 2590 Quinctius
775 2541 884 2582 Paris
909 2539 916 2595 Ι
942 2555 974 2582 S.
1005 2542 1030 2581 l.
1061 2554 1113 2582 m.
1145 2546 1204 2587 (In
1227 2547 1337 2579 latere
1362 2547 1533 2580 dicuntur
1554 2545 1666 2586 fuisse
1690 2547 1756 2580 Isis
1779 2550 1815 2580 et

102 2608 279 2653 Serapis).

215 2666 323 2699 Iader
347 2665 498 2708 (Zarae)
527 2668 566 2699 in
590 2665 792 2703 Dalmatia.
823 2667 896 2698 iam
925 2664 1086 2698 Veronae
1119 2664 1190 2708 (111
1213 2665 1307 2699 2905
1330 2665 1422 2697 vidit
1445 2664 1669 2708 Mommsen).

215 2723 314 2761 Isidi,
339 2722 478 2766 Serapi,
503 2722 665 2763 Silvano,
690 2722 844 2755 Laribm
868 2721 1052 2754 dedicatus
1075 2723 1127 2753 est
1150 2724 1175 2754 t.
1204 2721 1371 2754 ostien-tls
1395 2731 1504 2764 supra
1528 2720 1574 2756 N.
1591 2722 1673 2756 572.

214 2813 334 2859 4380
388 2815 533 2855 invicto
564 2815 638 2855 deo
673 2814 679 2869 Ι
716 2814 852 2866 Serapi
883 2820 922 2853 et
951 2812 1043 2853 Isidi
1076 2811 1084 2865 Ι
1118 2813 1277 2865 reginae
1305 2809 1311 2864 Ι
1338 2811 1511 2852 Philetus
1541 2814 1666 2866 Augg.
1700 2814 1708 2866 Ι
1743 2813 1810 2853 lib.

100 2896 175 2936 pro
206 2880 487 2939 incolulmitate
517 2895 587 2923 sua
617 2889 656 2923 et
681 2880 688 2937 Ι
716 2882 896 2923 Aureliae
927 2877 1206 2936 Quilntilianae
1236 2877 1397 2935 alrulam
1428 2892 1517 2920 cum
1548 2879 1630 2920 basi
1657 2880 1664 2935 Ι
1690 2886 1730 2920 et
1758 2880 1811 2920 si-

101 2951 192 3004 gilla
221 2951 299 2991 duo
326 2950 332 3006 Ι
359 2956 493 2991 votum
524 2949 625 2990 libes
650 2948 657 3004 Ι
683 2950 811 2990 solvit.

215 3017 346 3051 Romae
372 3017 444 3060 (VI
462 3017 524 3051 574
552 3015 601 3055 cf.
623 3027 656 3059 p.
674 3017 744 3050 855
769 3017 881 3051 deser.
906 3016 950 3048 de
972 3015 1109 3058 Dulm).
1176 3048 1178 3050 ,

1469 3092 1538 3127 12*
