2092 3360
201 166 286 204 464
938 161 1059 206 Caput
1081 162 1182 199 XIII.

201 283 344 330 sieare,
390 280 427 320 id
458 280 516 319 uti
546 280 677 319 faeere
707 277 842 325 liceat,
888 275 982 315 dum
1013 288 1065 315 ne
1095 276 1327 328 ampliorem
1369 275 1375 331 Ι
1418 277 1488 328 (42)
1521 276 1682 317 modum
1712 282 1915 330 pratorum

201 350 393 396 habeant,
438 359 555 399 quam
595 358 790 399 proxuma
830 351 977 384 aestate
1017 343 1243 383 habuerunt
1281 344 1481 396 fructique
1519 350 1626 384 sunt.
1653 369 1709 375 —
1747 345 1918 387 Vituries

202 417 292 469 quei
323 414 615 455 controversias
631 414 660 436 ²³
700 413 705 468 Ι
746 413 814 463 (43)
848 411 1121 452 Genuensium
1153 411 1203 451 ob
1235 411 1428 453 iniourias
1458 412 1619 452 iudicati
1649 419 1717 453 aut
1746 414 1918 455 damnati

201 490 307 532 sunt,
346 484 401 523 sei
429 483 517 534 quis
548 483 589 522 in
620 481 813 521 vinculeis
846 481 896 520 ob
929 493 994 520 eas
1024 492 1088 520 res
1118 486 1194 530 est,
1225 493 1293 521 eos
1325 481 1478 521 omneis
1513 477 1520 534 Ι
1555 482 1623 534 (44)
1643 482 1764 522 solvei
1796 482 1918 524 mittei

202 551 458 603 leiberique²⁴
504 550 737 590 Genuenses
779 550 935 589 videtur
972 554 1158 601 oportere
1195 555 1288 589 ante
1328 549 1439 589 eidus
1478 549 1635 590 Sextilis
1672 550 1833 603 primas.
1863 573 1920 582 —

203 619 365 671 Seiquoi
395 620 442 659 de
473 631 518 659 ea
548 631 591 658 re
619 615 624 673 Ι
651 617 720 671 (45)
739 618 918 670 iniquom
949 616 1144 656 videbitur
1174 630 1272 666 esse,
1304 618 1351 657 ad
1383 630 1457 658 nos
1486 617 1630 658 adeant
1660 619 1787 671 primo
1819 631 1919 671 quo-

203 701 280 740 que
309 688 372 727 die
403 693 442 727 et
470 687 519 727 ab
552 686 739 727 omnibus
777 685 1042 727 controversis
1080 691 1119 724 et
1147 684 1257 725 hono
1288 685 1399 738 publ.
1430 685 1502 726 li.2⁶
1527 684 1534 740 Ι
1560 687 1628 738 (46)
1651 686 1778 740 Leg.²⁶
1806 687 1920 729 Moco

203 756 415 796 Meticanio
447 755 634 795 Meticoni
665 755 707 803 f..
747 754 916 795 Plancus
948 753 1111 794 Peliani.
1144 753 1297 793 Pelioni
1328 755 1354 794 f.

313 834 448 867 Tabula
466 845 578 868 aenea
593 845 668 877 rep.
685 845 718 868 a.
729 834 814 868 4506
830 845 896 867 seat
911 833 985 869 mil.
1001 843 1095 876 pass.
1110 844 1132 865 a
1149 831 1271 866 Genua
1288 834 1328 865 in
1344 832 1437 866 valle
1448 833 1658 867 Polceverae
1673 835 1780 875 fluvii
1794 834 1834 875 (Ι
1845 834 1921 871 499.

208 892 244 926 V
260 891 344 925 7749
375 890 512 925 Bit-seht
536 893 606 926 tab.
632 890 723 933 XX).
770 891 825 924 De
857 891 945 925 locis
975 892 1016 923 in
1044 891 1111 923 Ιιαο
1136 890 1260 923 tabula
1291 892 1500 923 memoratis
1525 893 1610 934 post
1631 890 1778 924 Sere-am
1803 891 1921 935 (mem.

205 949 309 982 acad.
337 947 446 981 Genu.
463 949 499 991 2,
516 949 619 991 4809)
644 952 797 992 egerunt
823 948 945 981 Grassi
968 950 1003 980 et
1026 947 1230 980 Desimonis
1246 947 1328 979 Acti
1351 947 1444 980 della
1465 947 1600 981 societa‘
1617 947 1735 990 ligure
1752 948 1791 981 di
1805 950 1922 982 storia

204 1007 327 1048 patria
350 1007 386 1047 5,
411 1005 516 1049 ’1864;
554 1006 669 1048 Poggi
699 1005 785 1039 ibid.
809 1006 867 1047 50,
891 1005 986 1046 4900,
1024 1006 1269 1048 unusquisque
1305 1014 1385 1037 cum
1419 1003 1555 1038 tabulis
1585 1006 1854 1048 geographicis.
1877 1025 1924 1031 —-

209 1063 242 1105 1)
277 1062 507 1105 Intellegitur
537 1062 583 1096 M.
610 1062 792 1096 Minucius
827 1063 894 1102 (sic
929 1072 1041 1103 supra
1066 1061 1111 1096 N.
1127 1062 1232 1103 5770)
1275 1060 1393 1101 Rufus
1423 1061 1549 1094 consul
1577 1072 1610 1095 a.
1634 1071 1671 1096 u.
1696 1072 1725 1096 c.
1747 1063 1810 1096 644
1841 1073 1923 1096 cum

205 1117 325 1157 fratre
349 1118 389 1160 Q.
406 1119 567 1153 Minucio
592 1118 688 1160 Rufo
714 1118 842 1164 (supra
859 1117 903 1153 Ν.
918 1118 1032 1162 4047).
1079 1119 1127 1152 Hi
1150 1130 1230 1151 cum
1255 1119 1403 1152 oriundi
1426 1122 1542 1152 essent
1564 1119 1608 1151 ab
1634 1129 1674 1151 eo
1698 1120 1762 1162 qui
1782 1120 1926 1162 subegit

207 1175 363 1217 Ligures
388 1175 427 1217 Q.
451 1175 612 1210 Minucio
637 1175 733 1216 Rufo
759 1186 828 1210 cos.
854 1187 887 1209 a.
910 1176 988 1218 557,
1019 1177 1117 1209 avito
1141 1177 1222 1208 iure
1244 1178 1395 1219 patroni
1417 1175 1597 1218 Ligurum
1620 1175 1789 1208 videntur
1810 1174 1925 1215 fuisse

207 1232 357 1275 ideoque
381 1233 431 1265 ad
455 1234 547 1266 hanc
571 1244 646 1266 rem
670 1233 942 1276 disceptandam
970 1232 1092 1265 selecti
1120 1243 1192 1266 esse
1217 1232 1423 1277 (Momms).
1474 1231 1526 1273 Cf:
1550 1232 1745 1266 Mommsen
1768 1232 1927 1268 Staater.

208 1289 265 1322 ΙΙΙ
274 1300 312 1332 p.
328 1290 419 1323 4205
435 1293 509 1325 not.
526 1290 556 1326 ’1,
586 1310 632 1315 -
666 1292 700 1334 2)
725 1290 838 1323 Iidem
864 1291 928 1333 qui
949 1290 1073 1332 paullo
1096 1294 1177 1333 post
1202 1290 1376 1323 dicuntur
1403 1289 1607 1332 Langenses
1631 1288 1790 1323 Veiturii
1814 1289 1927 1334 (v.24

208 1350 310 1389 seq.)‚
334 1346 552 1390 Langenses,
576 1347 772 1390 Longates.
795 1366 841 1372 —
865 1347 899 1390 3)
926 1345 981 1386 Cf.
1006 1346 1092 1389 Dig.
1108 1348 1140 1390 4,
1155 1348 1188 1387 8,
1205 1347 1261 1388 27,
1276 1347 1297 1379 4
1316 1345 1557 1390 (Mommsen).
1574 1365 1616 1370 —
1641 1347 1676 1388 4)
1702 1345 1756 1383 Cf.
1780 1346 1927 1381 Momm-

209 1414 271 1436 sen
297 1403 449 1438 Staatsr.
475 1404 533 1437 III
550 1415 588 1447 p.
604 1405 707 1439 4202.
732 1423 779 1428 —
815 1405 850 1446 5)
873 1404 918 1438 A.
943 1414 979 1437 u.
1005 1414 1032 1437 c.
1057 1404 1134 1438 657.
1157 1423 1203 1429 -
1240 1405 1273 1446 6)
1299 1402 1353 1443 Cf.
1377 1405 1452 1437 not.
1474 1404 1511 1437 2.
1560 1403 1614 1436 Ab
1638 1403 1686 1436 iis
1709 1404 1810 1436 vicus
1833 1404 1928 1437 Lan—

207 1470 319 1503 gasco
345 1459 448 1504 (circ.
472 1461 515 1494 45
533 1462 617 1495 ehil.
641 1470 665 1494 a
692 1460 831 1503 Genua)
868 1471 998 1494 nomen
1022 1462 1165 1494 trahere
1190 1461 1363 1495 creditur.
1396 1478 1443 1485 —
1480 1461 1513 1502 7)
1537 1459 1591 1492 De
1621 1460 1710 1493 colle
1739 1460 1928 1494 Maniceno

210 1520 336 1551 vocato
362 1519 537 1560 cogitavit
561 1518 672 1551 Serra
699 1517 1019 1561 (contradi-‘cerunt
1043 1520 1117 1551 tam
1133 1518 1338 1551 Desimonis
1357 1528 1396 1560 p.
1413 1518 1492 1551 359.
1507 1517 1573 1551 577
1584 1527 1655 1559 seq.
1680 1527 1788 1560 quam
1813 1519 1929 1560 Poggi

206 1585 245 1618 p.
265 1574 361 1614 269).
398 1594 442 1599 ——
479 1576 513 1618 8)
535 1575 664 1608 Fluvii
686 1585 815 1608 nomen
838 1576 982 1608 videtur
999 1575 1187 1609 excidisse.
1225 1593 1266 1598 -—
1304 1575 1338 1616 9)
1361 1574 1532 1607 Fortasse
1556 1576 1658 1607 rivus
1681 1574 1786 1607 hodie
1809 1575 1930 1608 dictus

211 1631 354 1665 Lemme
384 1633 458 1664 sive
490 1632 610 1667 Lemo.
642 1651 689 1656 -
725 1634 778 1673 10)
811 1632 1098 1667 Comberaneam.
1137 1649 1183 1656 —-
1223 1631 1278 1672 11)
1313 1629 1367 1670 Cf.
1397 1641 1508 1673 supra
1536 1629 1582 1666 Ν.
1605 1631 1695 1664 5806
1723 1634 1798 1664 not.
1822 1631 1859 1666 2.
1883 1650 1928 1658 —

215 1690 270 1731 12)
300 1688 396 1722 Idem
422 1683 574 1729 ‘flumen
597 1682 808 1728 Porcifera'
839 1690 936 1732 quod
964 1692 1122 1723 recenset
1146 1687 1238 1721 Plin.
1263 1688 1298 1721 Ιι.
1321 1698 1358 1721 n.
1380 1687 1416 1730 5,
1439 1688 1474 1730 5,
1497 1689 1541 1721 48
1568 1689 1737 1730 prox-ime
1759 1687 1929 1731 Genuam,

214 1746 319 1779 hodie
349 1747 549 1780 Polcevera.
580 1765 625 1771 —
664 1747 718 1788 13)
751 1747 893 1780 termine
924 1757 995 1780 aes.
1029 1765 1076 1770 —
1114 1747 1170 1787 14)
1200 1744 1261 1778 Sic
1285 1742 1386 1785 (PRO
1405 1768 1413 1777 .
1431 1743 1563 1787 CAVO)
1588 1747 1641 1778 est
1663 1747 1703 1778 in
1727 1755 1810 1778 aere
1834 1743 1930 1790 (for-

213 1807 305 1836 tasse
338 1805 458 1836 subest
490 1813 619 1836 nomen
654 1802 814 1847 montis).
853 1822 900 1828 —
942 1804 996 1846 15)
1033 1802 1129 1837 Colle
1163 1801 1222 1834 dei
1254 1800 1360 1834 Giovi
1392 1800 1458 1842 (ch
1493 1800 1622 1835 Nissen
1657 1802 1736 1835 ital.
1771 1801 1930 1835 Landos-

215 1859 334 1893 kunde
356 1860 387 1901 4,
411 1859 512 1904 250).
544 1879 591 1884 -
624 1860 680 1902 16)
713 1859 765 1899 Cf:
798 1863 872 1893 not.
896 1860 931 1895 2.
956 1879 1001 1884 —
1039 1861 1094 1902 17)
1120 1858 1229 1892 Casus
1251 1859 1404 1901 primus.
1425 1877 1472 1883 —-
1504 1859 1559 1901 18)
1585 1858 1806 1892 Victoriatos
1827 1869 1930 1891 num-

214 1927 290 1951 mos
314 1918 572 1960 quadrigentos
603 1915 757 1960 (nummi
786 1917 894 1950 huius
921 1918 1080 1950 nominis
1104 1918 1278 1959 quattuor
1305 1917 1510 1958 aequabant
1533 1915 1702 1949 denarios
1725 1918 1826 1958 tres).
1875 1914 1930 1955 ct:

215 1975 390 2017 Borghesi
414 1985 495 2017 opp.
517 1974 559 2014 2,
575 1974 648 2007 285
659 1984 730 2015 seq.
737 1985 751 2014 ‚·
786 1973 981 2007 Mommsen
1003 1972 1122 2008 Boe-m.
1146 1973 1304 2007 Mic‘nzw.
1325 1983 1363 2015 p.
1378 1973 1447 2007 589
1458 1983 1531 2015 seq.
1553 1990 1601 1997 ——
1626 1973 1682 2015 19)
1706 1971 1784 2006 Ser.
1806 1971 1869 2005 eis.
1883 1990 1930 1996 —

216 2032 273 2073 20)
297 2030 509 2074 Requiritur
533 2029 576 2063 de
601 2029 740 2063 maioris
765 2031 882 2073 partis.
908 2050 952 2055 —
977 2032 1035 2072 21)
1061 2030 1251 2072 Intellege.-
1287 2039 1389 2072 quem
1413 2040 1537 2062 eorum
1561 2031 1614 2062 ita
1636 2029 1833 2072 possedisse
1856 2038 1931 2062 non

211 2089 356 2130 parebit
385 2088 590 2129 (Momm).
621 2106 667 2112 —
701 2088 758 2130 22)
789 2087 844 2120 De
873 2088 929 2120 liis
961 2086 1008 2127 cl.
1034 2088 1150 2129 Poggi
1176 2097 1215 2129 p.
1238 2086 1386 2129 547seq.
1416 2105 1462 2111 —-
1495 2087 1552 2128 23)
1586 2086 1857 2120 Controversia-t
1886 2086 1929 2118 ob

215 2146 373 2177 iniurias
401 2145 562 2178 iudicari
591 2145 682 2177 mire
718 2145 854 2177 dictum
884 2147 952 2187 est,
982 2145 1127 2177 videtur
1159 2145 1388 2176 accusativus
1420 2143 1658 2186 eoeplicandus
1688 2142 1737 2176 ad
1761 2142 1930 2176 similitu-

218 2201 337 2233 dinem
367 2212 490 2234 eorum
520 2211 612 2244 quae
641 2204 745 2234 sunt.-
779 2203 986 2235 servitutem
1015 2202 1162 2242 servire,
1193 2201 1448 2234 iusiurandum
1471 2202 1597 2233 iurare
1624 2197 1862 2245 (Mommsen).
1884 2217 1931 2223 —

219 2259 275 2299 24)
309 2257 462 2291 Videtur
495 2258 723 2291 scribendum
758 2258 1007 2302 leiberareique
1043 2261 1078 2291 et
1113 2258 1241 2291 deinde
1276 2268 1294 2291 a
1327 2257 1577 2292 Genuensibus.
1608 2276 1655 2282 —
1689 2257 1747 2299 25)
1777 2255 1820 2290 In
1851 2264 1931 2288 eor-

218 2315 360 2357 ruptela
385 2315 473 2358 quid
497 2315 625 2358 lateat,
653 2317 859 2357 ignoratur.
907 2315 1058 2359 Requiri
1082 2315 1243 2348 videtur:
1279 2317 1315 2347 et
1337 2316 1380 2347 ab
1406 2316 1570 2347 omnibus
1594 2313 1847 2347 controversiis
1870 2312 1930 2344 ab·

218 2374 386 2405 stineant.
407 2391 453 2396 —
483 2373 540 2414 26)
566 2372 706 2415 Legati.

326 2591 562 2624 Decretum
591 2589 864 2631 proconsulis
895 2589 1120 2624 Sarffiniae
1151 2590 1205 2623 de
1234 2589 1395 2623 finibus
1425 2586 1748 2623 Patulcensium
1781 2589 1826 2621 et

921 2647 1236 2681 Galillensium.

337 2723 448 2770 5947
498 2727 593 2779 imp.
617 2727 775 2768 Othone
798 2727 963 2767 Caesare
984 2728 1082 2778 Aug.
1114 2740 1195 2767 cos.
1217 2726 1284 2766 XV
1314 2726 1351 2766 k.
1373 2723 1562 2777 Apriles¹.
1590 2720 1596 2777 Ι

339 2795 387 2845 (2)
405 2794 656 2848 Descriptum
678 2802 718 2836 et
738 2796 987 2848 recognitum
1010 2808 1057 2835 ex
1079 2795 1215 2835 codice
1237 2802 1374 2835 ansato
1397 2793 1440 2833 1..
1455 2791 1565 2832 Helvi
1586 2790 1808 2843 Agrippae²
1837 2805 1932 2845 pro-

225 2874 348 2910 cons„
389 2875 506 2914 quem
540 2864 703 2915 protulit
734 2863 805 2904 Cn.
823 2863 1015 2914 Egnatius
1041 2862 1047 2918 Ι
1075 2863 1126 2914 (3)
1148 2862 1298 2903 Fuscus
1327 2860 1454 2902 scriba
1486 2859 1747 2912 quaestorius,
1779 2860 1819 2900 in
1851 2873 1932 2913 quo

225 2930 415 2982 scriptum
439 2931 511 2970 fuit
531 2931 572 2979 it,
594 2932 699 2983 quod
722 2931 825 2971 infra
846 2931 1038 2983 scriptum
1055 2937 1126 2978 est,
1157 2931 1288 2971 tabula
1309 2930 1340 2969 V
1364 2927 1419 2970 3³
1437 2928 1519 2968 Vlll
1547 2926 1553 2983 Ι
1582 2929 1630 2980 (4)
1640 2933 1679 2967 et
1699 2927 1804 2968 Vllll
1826 2934 1866 2969 et
1885 2928 1932 2969 X.

222 2992 294 3036 ‘111
326 2999 412 3039 idus
443 2999 553 3038 Mart.
586 2999 628 3039 L.
662 3000 820 3039 Helvius
851 3001 1024 3052 Agrippa
1054 3012 1210 3051 procos.
1242 3010 1377 3038 caussa
1407 2997 1566 3049 cognita
1596 2997 1886 3049 pronuntiavit:
1923 2993 1932 3053 Ι

227 3067 277 3115 (5)
299 3065 397 3105 Cum
427 3079 500 3118 pro
531 3068 696 3108 utilitate
728 3067 885 3120 publica
916 3066 1036 3107 rebus
1066 3066 1246 3107 iudicatis
1276 3071 1378 3106 stare
1409 3065 1630 3115 conveniat,
1662 3073 1702 3106 et
1726 3066 1774 3106 de
1795 3077 1935 3107 caussa
