2092 3360
194 187 277 226 428
892 184 1012 230 Caput
1035 185 1084 219 XI
1090 184 1134 219 11.

192 301 412 359 perfilciat'.
477 301 683 340 Profectus
719 310 807 340 sum
844 306 884 339 et
920 298 1040 354 initer
1077 300 1158 339 vias
1195 299 1370 339 latrones
1408 312 1494 339 sum
1528 297 1534 352 Ι
1568 312 1727 352 passus;
1774 301 1904 342 nudus

192 373 348 411 saucius
378 366 493 423 elvasi
534 377 623 405 cum
657 366 774 416 meis3
820 366 954 407 Saldas
984 364 1109 421 veini3
1157 366 1425 407 Clementem⁵
1463 364 1776 422 procuraltorem
1805 382 1903 410 con-

192 438 292 477 veni.
353 436 409 475 Ad
441 431 628 487 monitem
666 445 729 473 me
758 435 960 486 perduxit,
1003 434 1083 475 ube
1109 439 1194 483 (sic)
1233 431 1476 490 cunicullum
1517 434 1625 475 dubii
1665 435 1796 488 operis
1832 437 1905 477 fle-

192 506 298 553 bant,
327 503 332 558 Ι
361 502 472 555 quasi
501 500 791 553 relinquendus
820 499 1094 557 haflbebatur⁶‚
1126 503 1213 542 ideo
1242 509 1339 554 quot
1368 500 1597 558 perlforatio
1629 503 1759 556 operis
1790 505 1903 545 cuni-

191 572 283 623 culli
320 570 479 622 longior
517 575 601 609 erat
640 569 783 617 effect„
822 567 827 623 Ι
863 582 978 621 quam
1013 571 1159 611 montis
1190 570 1373 623 spatium.
1407 569 1413 625 Ι
1449 570 1642 624 Apparuit
1678 572 1852 612 fossuras
1881 585 1904 613 a

191 637 379 695 rilgorem
403 642 486 686 (sic)
517 649 683 686 errasse,
724 638 821 677 adeo
852 644 896 678 ut
923 635 928 692 Ι
954 639 1138 691 superior
1167 639 1322 679 fossura
1353 637 1548 693 dexlitram
1580 639 1678 691 petit
1706 640 1753 679 ad
1784 640 1904 680 meri-

192 704 311 762 dilem
342 718 491 754 versus,
532 705 698 745 inferior
723 702 730 761 Ι
756 706 937 747 similiter
967 707 1141 747 dextram
1168 704 1175 762 Ι
1201 719 1311 747 suam
1342 707 1442 759 petit
1481 714 1520 747 at
1551 704 1903 763 septenltrionemz

191 776 290 815 duae
322 786 417 827 ergo
456 780 589 826 partes
627 774 765 814 relicto
803 775 934 826 rigore
970 772 1186 830 erlrabant.
1246 774 1370 827 Rigor
1399 781 1530 814 autem
1556 774 1563 828 Ι
1589 775 1791 828 depalatus
1820 782 1906 817 erat

190 855 309 895 supra
334 842 342 896 Ι
368 848 544 882 montem
585 841 633 881 ab
674 842 867 882 orientem
894 847 976 890 (sic)
1004 842 1010 896 Ι
1045 843 1085 883 in
1119 843 1381 884 occidentem.
1440 842 1498 882 Ne
1529 843 1618 894 quis
1644 840 1650 898 Ι
1675 850 1806 884 tamen
1845 844 1903 884 le-

191 911 300 963 genti
332 922 445 951 error
471 907 477 963 Ι
504 910 571 949 fiat
599 910 648 949 de
677 911 854 961 fossuris,
895 919 992 964 quot
1018 915 1101 959 (sic)
1134 919 1193 952 est
1219 909 1225 965 Ι
1252 911 1445 963 scriptum
1477 910 1693 963 ‘superior’
1725 918 1764 950 et
1789 909 1796 965 Ι
1824 911 1904 951 ‘in-

191 978 344 1028 ferior'‚
384 978 439 1018 sic
481 975 790 1033 intellegalmus:
835 980 1017 1032 superior
1057 986 1116 1020 est
1145 992 1249 1032 pars,
1288 991 1365 1031 qua
1393 976 1399 1033 Ι
1426 978 1635 1020 cuniculus
1673 991 1812 1032 aquam
1842 993 1906 1020 re-

192 1047 306 1100 cipit,
342 1045 348 1101 Ι
383 1045 560 1095 inferior,
603 1059 680 1098 qua
721 1047 875 1102 emittit.
936 1047 1032 1088 Cum
1060 1046 1068 1103 Ι
1094 1060 1196 1100 opus
1226 1046 1449 1100 adsignar.⁷‚
1494 1054 1538 1086 ut
1574 1047 1735 1096 scirent,
1774 1047 1780 1102 Ι
1815 1048 1906 1100 quis

191 1127 309 1167 quem
351 1115 511 1154 modum
542 1126 658 1154 suum
684 1114 691 1170 Ι
718 1116 996 1168 perforationis
1027 1115 1176 1165 haber„
1212 1115 1219 1170 Ι
1255 1122 1454 1156 certamen
1488 1115 1620 1168 operis
1657 1113 1775 1171 inlter
1805 1117 1904 1157 clas-

190 1184 293 1224 sicos
337 1180 495 1238 mililtes
540 1189 579 1222 et
622 1183 823 1235 gaesates⁸
868 1184 957 1224 dedi
1003 1181 1009 1237 Ι
1055 1190 1094 1224 et
1137 1184 1193 1224 sic
1238 1184 1286 1223 ad
1331 1180 1712 1239 compertusissonem
1757 1185 1906 1225 montis

190 1249 459 1306 convenelrun
486 1254 581 1298 (cic),
643 1250 750 1304 Ergo
782 1265 869 1305 ego,
908 1252 977 1304 qui
1016 1250 1181 1308 prilmus
1218 1252 1356 1292 libram
1388 1252 1576 1300 feceram,
1612 1248 1619 1307 Ι
1653 1251 1816 1292 ductum
1845 1258 1904 1293 at·

190 1320 450 1371 signaveram,
477 1317 483 1374 Ι
520 1320 606 1359 fieri
637 1320 885 1361 institueram
919 1317 1151 1375 selcundum
1183 1321 1348 1360 formam
1381 1332 1496 1371 quam
1523 1318 1531 1368 Ι
1557 1319 1744 1360 Petronio
1775 1319 1904 1361 Celeri

189 1389 293 1440 pro.⁹
339 1386 344 1441 Ι
389 1388 629 1428 dederamw.
707 1388 818 1441 Opus
858 1389 1066 1439 effectum,
1108 1387 1114 1442 Ι
1156 1401 1258 1440 aqua
1303 1387 1441 1436 missa,
1488 1387 1678 1427 dedicavit
1717 1386 1722 1442 Ι
1765 1387 1904 1429 Varius

191 1455 374 1496 Clemens
404 1456 545 1509 proc-¹¹
572 1455 579 1510 Ι
612 1456 764 1498 Modios
795 1457 877 1499 V¹².

306 1524 355 1565 Ut
391 1524 559 1565 lucidius
598 1524 712 1564 labor
751 1537 863 1565 meus
901 1525 1005 1565 circa
1044 1525 1132 1566 duc.
1162 1522 1167 1578 Ι
1203 1525 1281 1565 hoc
1311 1523 1500 1564 Saldense
1536 1530 1714 1575 pareret,
1753 1524 1903 1577 aliquas

190 1589 396 1647 elpistulas
425 1592 586 1636 subieci.
617 1590 623 1646 Ι

304 1661 420 1700 Porci
442 1661 677 1701 Vetustini¹³
707 1660 753 1700 ad
777 1660 1003 1713 Crispinum
1014 1660 1060 1700 ¹⁴:
1090 1658 1098 1714 Ι
1125 1659 1441 1713 ‘Benignissime‚
1473 1659 1646 1709 domine,
1679 1660 1806 1700 fecisti
1832 1658 1900 1715 etl

189 1741 263 1781 pro
293 1735 424 1769 cetera
454 1730 698 1770 humanitate
727 1742 772 1769 ac
803 1725 1085 1784 benivolientia
1115 1735 1204 1776 tua,
1236 1728 1340 1780 quod
1372 1727 1512 1767 misisti
1542 1727 1590 1766 ad
1619 1740 1682 1767 me
1712 1725 1903 1784 Nonilum

189 1798 330 1837 Datum
363 1803 588 1847 evocatum,
622 1798 679 1837 uti
709 1803 879 1837 tractare
906 1793 911 1851 Ι
940 1809 1030 1836 cum
1062 1809 1108 1836 eo
1140 1797 1188 1836 de
1219 1795 1420 1848 operibus,
1451 1807 1553 1847 quae
1583 1794 1790 1852 curanda}
1815 1808 1902 1838 sus-

190 1865 304 1918 cepit.
352 1865 403 1904 Et
422 1865 523 1915 ideo,
556 1878 792 1918 quamquam
814 1861 1010 1919 temlpore
1040 1875 1236 1917 urguerer
1256 1870 1297 1903 et
1317 1863 1504 1904 Caesarea
1529 1867 1613 1912 (sic)
1645 1861 1900 1920 sesfltinarem,

190 1941 321 1974 tamen
353 1933 487 1974 Saldas
517 1931 766 1989 excucurlri‚
808 1940 846 1972 et
876 1944 1001 1984 aquae
1037 1932 1198 1972 ductum
1239 1931 1343 1971 bene
1378 1928 1624 1986 inchoaltum
1662 1932 1731 1973 sed
1770 1931 1902 1986 magni

190 2002 322 2054 operis
350 2001 507 2054 inspexi
538 2007 577 2042 et
611 1999 618 2057 Ι
654 2002 760 2054 quod
792 2000 941 2041 absolvi
971 2000 1058 2041 sine
1089 2013 1223 2041 curam
1250 2003 1333 2049 (sic)
1372 2000 1476 2040 Noni
1510 1998 1615 2055 Dalti
1645 2012 1727 2039 non
1758 2005 1901 2052 potest,

190 2069 257 2121 qui
295 2070 326 2109 it
360 2070 477 2110 simul
515 2070 741 2125 diligenlter
779 2076 818 2109 et
855 2069 1024 2109 fideliter
1061 2068 1250 2110 tractavit.
1314 2067 1361 2108 Et
1391 2068 1479 2109 ideo
1505 2066 1513 2121 Ι
1539 2074 1750 2120 rogaturus
1779 2079 1899 2116 eram,

190 2137 409 2177 concedere
440 2135 584 2193 no}bis‚
616 2138 673 2178 uti
695 2137 899 2178 mensibus
931 2137 1071 2189 aliquis
1100 2137 1158 2177 rei
1180 2134 1374 2191 agenfldae
1405 2137 1696 2185 immoraretur,
1729 2135 1806 2176 nisi
1835 2135 1898 2175 in-

189 2202 398 2261 cidislset¹⁵
429 2206 697 2246 infirmitatem
729 2212 969 2259 contractam
993 2203 1009 2261 ΙΙ
1041 2203 1107 2261 [em
1135 2205 1267 2246 multis
1295 2211 1331 2245 et
1359 2207 1511 2257 maqnis
1540 2201 1748 2260 laboribus]
1754 2233 1894 2247 .....

303 2283 505 2326 LamMesz‘,
529 2285 623 2317 basis
644 2294 708 2317 sea:
733 2283 902 2326 laterum,
928 2285 1030 2317 cuius
1055 2283 1207 2317 dimidia
1231 2285 1371 2316 tantum
1391 2293 1493 2326 pars,
1525 2282 1663 2315 scilicet
1685 2285 1758 2315 trec
1781 2281 1897 2314 latera

187 2343 379 2382 supersunt
403 2340 511 2384 (VIII
523 2340 616 2374 2728
632 2338 679 2380 cll
697 2340 789 2373 VIII
801 2340 836 2374 S.
852 2341 965 2375 48422
982 2340 1154 2374 viderunt
1172 2340 1219 2374 W
1220 2341 1376 2373 ilmanns
1394 2342 1426 2372 et
1445 2338 1633 2382 Schmidt).
1649 2357 1694 2362 —
1720 2339 1755 2379 1)
1776 2336 1899 2380 Signi-

187 2397 321 2437 ficatur
350 2397 396 2430 M.
423 2397 591 2431 Valerius
622 2397 798 2430 Etruscus
831 2397 971 2439 legatus
1001 2399 1180 2430 eoeercitus
1211 2395 1385 2436 Africani
1417 2407 1451 2430 a.
1473 2395 1535 2429 434
1568 2397 1693 2438 (supra
1724 2392 1768 2429 Ν.
1788 2393 1896 2438 3351)

190 2457 223 2485 et
247 2464 279 2487 a.
296 2453 363 2487 452
382 2453 488 2497 (VIII
501 2453 602 2488 2543.
628 2453 718 2487 VIII
733 2453 770 2488 S.
786 2452 920 2498 47854).
961 2454 1166 2496 Epistulam
1182 2457 1334 2497 apparet
1349 2454 1522 2496 scriptam
1545 2462 1618 2485 esee
1641 2461 1663 2484 a
1689 2450 1803 2485 Vario
1821 2449 1897 2484 Cle-

188 2513 302 2543 mente
327 2514 579 2553 procuratore.
614 2529 660 2535 —
696 2511 731 2552 2)
761 2510 893 2544 Saldae
925 2511 1096 2554 oppidum
1125 2511 1351 2543 maritimum
1374 2508 1622 2542 Mauretaniae
1646 2507 1897 2548 Caesariensis,

188 2568 294 2600 lzodie
316 2567 522 2609 Bongia-
547 2568 581 2609 3)
607 2565 661 2607 Cf.
678 2578 790 2610 supra
806 2565 852 2601 Ν.
865 2567 971 2601 2422.
985 2587 1031 2591 -
1054 2568 1089 2609 4)
1113 2566 1353 2601 Inchoaverat
1376 2564 1638 2608 aquaeductum
1661 2565 1745 2596 ante
1765 2563 1897 2596 multos

188 2634 311 2665 annos,
336 2624 502 2656 Petronio
529 2622 647 2657 Celere
665 2626 917 2665 procuratore,
949 2622 998 2662 cf.
1022 2624 1123 2663 infra
1147 2626 1221 2658 not.
1244 2624 1276 2657 9.
1301 2641 1347 2647 —
1384 2624 1419 2664 5)
1445 2619 1498 2661 CII
1521 2623 1596 2654 not.
1617 2621 1651 2654 9.
1677 2637 1724 2644 ·—
1758 2620 1793 2661 6)
1817 2619 1895 2655 Ser.

189 2680 379 2714 haberetur.
402 2699 446 2704 —
483 2680 516 2721 7)
541 2680 792 2722 Adsignarem.
815 2698 861 2703 —
898 2681 932 2722 8)
958 2678 1012 2720 Cf.
1037 2679 1230 2713 Mommsen
1255 2679 1370 2713 Herm.
1394 2679 1443 2713 22
1463 2689 1499 2721 p.
1515 2678 1591 2711 549.
1624 2695 1669 2700 -
1704 2676 1740 2717 9)
1764 2675 1897 2709 Procu-

187 2737 314 2769 ratori.
358 2736 392 2769 C.
414 2737 602 2769 Petronius
627 2735 725 2770 Celer
746 2739 967 2778 procurator
992 2736 1240 2769 Mauretaniae
1266 2735 1504 2770 Caesariensis
1536 2732 1612 2773 fuit
1643 2744 1677 2767 a.
1701 2731 1766 2766 137
1791 2731 1897 2776 (VIII

189 2791 224 2826 S.
237 2791 357 2832 24663,
376 2791 475 2831 infra
493 2794 588 2825 inter
605 2792 806 2837 terminos).
823 2811 868 2817 —
889 2794 943 2835 10)
962 2794 1119 2836 Apparet
1135 2793 1310 2826 nonnulla
1328 2791 1514 2825 eoeeidz'sse.
1527 2808 1574 2815 —-
1591 2790 1646 2832 11)
1662 2789 1715 2821 De
1732 2790 1799 2822 hoc
1810 2799 1896 2832 pro-

188 2851 354 2882 curatore
371 2849 621 2882 Mauretaniae
638 2849 877 2883 Caesariensis
892 2849 973 2882 vide
988 2860 1099 2892 supra
1116 2848 1161 2883 lv.
1173 2849 1274 2883 4362.
1293 2866 1333 2872 -
1362 2849 1416 2890 12)
1433 2847 1508 2880 Hoc
1524 2848 1722 2880 obscurum.
1750 2845 1896 2879 Momm-

186 2915 292 2937 senus
317 2906 468 2938 coniecit
487 2906 646 2938 indicari
661 2916 866 2939 mensuram
889 2916 1005 2948 aquae
1021 2909 1118 2939 certo
1136 2910 1291 2949 tempore
1306 2915 1352 2936 eae
1368 2903 1595 2946 aquaeductu
1608 2903 1833 2945 profluentis,
1852 2922 1894 2927 —

190 2962 244 3003 13)
261 2962 480 2995 Procurator
492 2962 741 2995 Mauretaniae
755 2962 995 2995 Caesariensis
1012 2973 1043 2996 a.
1057 2962 1122 2995 450
1135 2961 1240 3004 (dipl.
1254 2960 1340 3001 mil„
1354 2959 1421 3009 >111
1434 2958 1471 2994 S.
1481 2969 1517 3002 p.
1531 2958 1655 3002 22¹5).
1677 2977 1723 2983 —
1749 2960 1805 3002 14)
1830 2959 1895 2992 Le-

183 3020 294 3058 gatus
316 3020 495 3052 exercitus
511 3018 685 3058 Africani
703 3030 771 3062 per
796 3030 909 3053 annos
925 3019 1096 3053 147—150
1121 3019 1248 3062 (supra
1265 3015 1437 3060 lvdow).
1460 3034 1504 3040 —
1532 3017 1587 3059 15)
1611 3016 1762 3050 Eaecidit
1785 3017 1830 3050 in.

301 3096 413 3142 5796
463 3095 570 3153 [imp.
605 3099 744 3140 Caesar
772 3102 852 3139 divi
878 3096 928 3155 f.]
964 3099 970 3153 Ι
1005 3101 1204 3152 Augustus
1239 3096 1244 3153 Ι
1282 3093 1455 3154 [pJontif.
1491 3074 1894 3154 'MW
