2092 3360
247 185 328 223 510
975 185 1095 231 Caput
1116 184 1235 220 XIIII.

246 299 367 349 60871
402 299 465 339 cui
491 297 498 351 Ι
525 310 761 339 concessum
794 299 869 338 erit
898 299 1055 339 dicendi
1085 305 1228 351 potest.
1260 299 1389 339 facito.
1451 299 1528 347 Qui
1558 301 1607 340 de
1637 315 1708 343 suo
1737 301 1743 356 Ι
1777 309 1958 357 tempore

245 369 357 408 alteri
378 366 634 413 concesserit,
665 372 763 418 quot
783 366 868 407 eius
889 367 1035 419 cuique
1055 366 1328 418 conceslserit‚
1359 380 1406 407 eo
1427 367 1562 408 minus
1582 368 1618 408 ei
1638 368 1794 411 dicendi
1814 378 1956 425 potest.

244 436 373 476 facito.
425 434 531 481 Quot
551 433 668 473 horas
695 431 701 489 Ι
729 434 893 475 omnino
926 434 1077 475 omnib.
1109 435 1371 476 accusatorib.
1403 435 1444 475 in
1466 435 1569 489 sing.
1590 437 1767 479 actiones
1787 437 1957 494 dilcendi

240 510 383 556 potest.
414 502 498 542 fieri
531 502 723 554 oporteb„
754 502 916 543 totidem
947 503 1066 544 horas
1095 510 1135 543 et
1165 500 1349 559 alterlum
1380 509 1535 544 tantum
1567 517 1637 545 reo
1667 506 1783 558 quive
1814 519 1888 560 pro
1908 519 1956 548 eo

240 571 344 611 dicet
373 571 413 610 in
445 571 546 622 sing.
578 571 755 612 actiones
776 569 791 626 ΙΙ
814 571 974 612 dicendi
1004 578 1147 625 potest.
1179 572 1311 612 facito.

354 650 451 691 CIII.
512 650 762 703 Quicumque
807 652 848 691 in
895 651 969 692 col.
1001 651 1139 692 Genet.
1174 641 1275 692 vair
1303 651 1513 705 praefive³⁸
1543 652 1568 693 i.
1599 652 1637 693 d.
1664 654 1824 707 praem,
1865 655 1898 696 is
1910 653 1956 675 ¹⁶²

239 719 369 759 colon.
411 716 417 774 Ι
457 719 687 772 incolasque
702 718 748 739 ¹⁶²
777 721 1029 761 contributos
1060 733 1313 773 quocumque
1342 726 1523 774 tempore
1555 721 1686 762 colon.
1718 724 1787 763 fin.
1815 721 1822 777 Ι
1858 723 1955 764 divi-

238 785 519 828 dendorum¹⁴³3
558 800 675 829 causa
711 795 883 829 armatos
922 789 1091 829 educere
1126 789 1332 831 decurion.
1363 786 1512 838 cen.²⁶⁴,
1542 788 1548 843 Ι
1574 797 1672 842 quot
1702 803 1752 831 m.
1785 791 1857 844 p.⁹⁰
1887 792 1955 844 qui

236 862 320 895 tum
351 856 519 895 aderunt
549 856 808 906 decreverint,
840 858 876 897 id
910 855 995 898 e.¹⁶⁵
1024 871 1055 898 s.
1077 858 1103 897 f.
1126 857 1179 898 s.²
1205 858 1233 898 f.
1263 856 1342 898 l.¹⁶⁶
1389 856 1575 910 Islque¹⁶⁷
1600 847 1711 899 l—lvir.
1742 866 1811 899 aut
1836 871 1954 912 quem

237 911 334 964 ῙῙνίι·
362 924 520 964 armatis
541 925 779 976 praefecerit
798 925 902 965 idem
933 925 938 980 Ι
966 926 1026 966 ius
1054 926 1270 978 eademque
1301 926 1430 966 anima
1451 925 1629 967 adversio
1648 930 1733 975 (sic)
1766 933 1865 976 esto,
1895 927 1954 967 uti

237 1000 286 1032 tr.
318 990 452 1034 mil.¹⁶⁸
484 1005 520 1044 p.
551 991 650 1033 R.¹⁶⁹
681 994 719 1033 in
748 992 754 1047 Ι
781 994 958 1034 exercitu
989 1007 1028 1047 p.
1060 991 1160 1034 Ρι.169
1191 1000 1262 1042 est,
1301 994 1410 1046 itque
1442 993 1529 1034 e.¹⁶⁶
1563 1008 1593 1035 s.
1624 995 1651 1035 f.
1683 995 1732 1035 s.²
1761 995 1787 1035 f.
1819 992 1898 1035 13⁶⁶
1927 995 1952 1034 i.

236 1073 357 1113 p.que
389 1059 486 1108 e.²⁵¹‚
533 1062 627 1101 dum
657 1062 699 1110 it,
730 1068 828 1114 quot
870 1060 875 1116 Ι
917 1074 968 1101 m.
1000 1062 1072 1115 p.⁹⁰
1110 1062 1373 1103 decurionum
1405 1062 1624 1103 decreverit
1663 1063 1731 1115 qui
1769 1068 1855 1103 tum
1884 1063 1953 1104 ad-

236 1136 369 1178 erunt,
401 1131 480 1169 fiat.

358 1208 473 1250 CIIII.
548 1210 623 1257 Qui
668 1210 811 1251 limites
855 1211 1064 1250 decumani
1111 1210 1178 1262 qui
1194 1209 1239 1229 ¹⁷⁰
1292 1210 1396 1250 intra
1441 1211 1542 1251 fines
1587 1223 1622 1251 c.
1669 1208 1750 1251 G.⁸⁶
1794 1210 1951 1251 deducti

234 1274 417 1333 factilque
448 1285 578 1327 erunt,
620 1291 853 1332 quaecumq.
886 1281 1014 1320 fossae
1043 1278 1223 1319 limitales
1254 1278 1293 1318 in
1327 1291 1375 1318 eo
1406 1291 1501 1331 agro
1534 1285 1664 1327 erunt,
1701 1277 1707 1333 Ι
1743 1279 1811 1332 qui
1841 1278 1951 1320 iussu

233 1345 275 1386 C.
300 1345 475 1386 Caesaris
505 1346 598 1386 dict.
630 1346 726 1399 imp.
758 1354 797 1387 et
826 1347 912 1399 lege
943 1347 1116 1387 Antonia
1134 1345 1178 1366 ¹⁷²
1216 1353 1422 1399 sanatque
1449 1344 1455 1400 Ι
1491 1359 1524 1386 c.
1557 1346 1692 1401 pl.que
1722 1344 1830 1387 sc.²⁷²
1857 1359 1952 1400 ager

232 1414 345 1454 datus
374 1414 591 1466 atsignatus
623 1415 709 1463 erit,
753 1428 803 1455 ne
834 1416 922 1469 quis
952 1415 1094 1456 limites
1120 1414 1126 1470 Ι
1154 1415 1474 1468 decumanosque
1505 1420 1716 1468 opsaeptos
1746 1428 1844 1455 neve
1866 1415 1951 1468 quit

232 1482 468 1521 immolitum
501 1496 602 1523 neve
629 1482 634 1537 Ι
663 1483 747 1535 quit
776 1483 830 1524 ibi
862 1491 1097 1537 opsaeptum
1127 1484 1285 1537 habeto,
1317 1495 1414 1523 neve
1445 1495 1514 1524 eos
1543 1489 1667 1532 arato,
1706 1495 1804 1524 neve
1835 1483 1891 1524 eis
1905 1481 1954 1503 ²⁷³

233 1551 357 1590 fossas
384 1547 390 1604 Ι
418 1557 602 1602 opturato
637 1565 735 1592 neve
767 1553 987 1605 opsaepito‚
1027 1565 1104 1605 quo
1135 1552 1268 1592 minus
1302 1563 1373 1591 suo
1405 1551 1548 1591 itinere
1578 1563 1677 1604 aqua
1705 1549 1711 1606 Ι
1737 1552 1795 1591 ire
1825 1552 1949 1592 fluere

231 1618 371 1670 possit.
432 1619 472 1659 Si
503 1620 592 1672 quis
624 1626 802 1660 atversus
832 1633 876 1660 ea
910 1621 995 1673 quit
1030 1620 1185 1668 fecerit,
1217 1620 1249 1660 is
1280 1619 1319 1659 in
1348 1617 1353 1674 Ι
1380 1631 1444 1659 res
1474 1619 1589 1671 sing„
1628 1619 1949 1672 quotienscumq.

230 1686 386 1734 fecerit,
426 1686 491 1726 HS
514 1701 554 1726 00
592 1700 624 1728 c.
649 1701 682 1728 c.
705 1688 750 1728 G.
773 1686 837 1728 l.⁵⁷
868 1688 906 1728 d.
930 1686 1002 1728 d.⁵⁹
1034 1696 1130 1736 esto,
1160 1686 1165 1741 Ι
1194 1688 1318 1740 eiusq.
1350 1700 1495 1740 pecun.
1528 1687 1592 1727 cui
1605 1685 1649 1706 ¹⁷⁴
1677 1687 1781 1727 volet
1810 1687 1949 1740 petitio

231 1752 361 1807 p.q.¹⁷⁵
391 1761 485 1798 esto.

345 1834 419 1874 CV.
479 1835 520 1874 Si
553 1836 641 1888 quis
672 1849 789 1889 quem
820 1837 1025 1877 decurion.
1058 1836 1267 1888 indignum
1289 1835 1365 1875 loci
1393 1840 1460 1875 aut
1480 1834 1631 1875 ordinis
1651 1831 1945 1890 delcurionatus

230 1916 315 1943 esse
347 1903 462 1951 dicet,
494 1910 770 1957 praeterquam
802 1911 900 1957 quot
929 1904 1138 1945 libertinus
1163 1903 1169 1957 Ι
1197 1901 1341 1953 erit¹⁷⁶‚
1381 1909 1421 1943 et
1449 1902 1497 1942 ab
1528 1892 1636 1943 ffvir,
1667 1902 1944 1955 postulabitur,

228 1971 284 2011 uti
318 1971 366 2010 de
397 1983 440 2011 ea
470 1983 514 2011 re
546 1971 745 2026 iudiciium
777 1973 977 2026 reddatur,
1013 1963 1109 2012 I-lvir
1139 1985 1218 2025 quo
1249 1972 1297 2012 de
1328 1983 1372 2011 ea
1402 1983 1446 2011 re
1476 1972 1517 2011 in
1548 1971 1611 2012 ius
1640 1971 1787 2011 aditum
1817 1970 1905 2020 erit,
1932 1967 1942 2025 Ι

228 2040 289 2080 ius
320 2039 438 2079 dicito
479 2040 704 2093 iudiciaque
734 2041 901 2081 reddito.
961 2041 1078 2094 Isque
1108 2039 1284 2088 decurio,
1327 2038 1333 2094 Ι
1374 2039 1440 2092 qui
1471 2039 1616 2079 iudicio
1655 2040 1945 2079 condemnatus

229 2108 323 2156 erit,
366 2113 502 2159 postea
535 2108 697 2148 decurio
733 2106 739 2164 Ι
775 2109 815 2149 ni
832 2107 877 2128 ¹⁷⁷
907 2116 990 2149 esto
1023 2121 1122 2149 neve
1157 2109 1197 2148 in
1230 2107 1512 2148 decurionibus
1542 2108 1777 2148 sententiam
1808 2103 1941 2163 dicilto

229 2187 327 2214 neve
357 2163 516 2215 fivir.²⁷⁸
557 2189 655 2217 neve
685 2177 921 2218 aedilitatem
960 2178 1083 2230 petito
1123 2189 1220 2216 neve
1262 2174 1267 2231 Ι
1310 2177 1398 2230 quis
1428 2164 1523 2216 fivir
1562 2175 1715 2216 comitis
1753 2175 1943 2229 suffragio

346 2323 424 2365 161)
449 2322 526 2357 Ser.
551 2333 642 2356 eum.
665 2342 708 2348 --
740 2325 818 2366 162)
842 2324 929 2357 Delo
954 2333 1032 2367 que.
1056 2342 1102 2348 -
1135 2324 1212 2366 163)
1237 2322 1316 2357 Ser.
1341 2321 1642 2356 defendendorum.
1673 2340 1719 2347 —
1752 2322 1830 2364 164)
1855 2320 1942 2354 Cen—

226 2381 377 2414 suerint.
401 2399 447 2404 —
481 2382 560 2421 165)
585 2381 643 2414 Ei.
674 2400 720 2405 —
761 2381 836 2420 166)
860 2380 1000 2413 Facere
1024 2380 1140 2413 liceto.
1162 2399 1208 2404 —
1249 2380 1324 2421 167)
1350 2378 1428 2414 Ser.
1453 2379 1566 2422 eique.
1591 2396 1636 2402 —
1674 2379 1752 2420 168)
1779 2376 1938 2411 Tribuno

226 2437 393 2471 militam.
422 2456 468 2461 -—-
508 2438 585 2480 169)
610 2438 738 2480 Populi
761 2436 922 2470 Romani.
954 2456 1000 2461 —
1035 2439 1112 2479 170)
1137 2437 1214 2471 Scr.
1239 2436 1499 2480 decumanique.
1549 2435 1663 2478 Caput
1686 2436 1753 2468 hoc
1779 2434 1877 2467 redit
1898 2436 1939 2468 in

230 2494 386 2537 Corpore
413 2494 701 2528 Gromaticorum
726 2493 845 2535 (Schr.
870 2495 935 2527 dor
957 2504 1067 2528 roem.
1090 2493 1313 2528 Fetdmesser
1337 2492 1390 2526 ed.
1415 2492 1625 2525 Lachmann
1647 2491 1670 2524 1
1687 2502 1724 2534 p.
1740 2490 1840 2535 263),
1864 2493 1937 2524 sic.-

228 2553 291 2593 qui
322 2551 451 2584 limites
475 2551 734 2593 decumanique
757 2552 825 2583 hac
849 2550 925 2593 lege
949 2551 1093 2583 deducti
1116 2552 1240 2593 erunt,
1269 2559 1509 2592 quaecumque
1531 2548 1650 2589 fossae
1674 2547 1803 2580 limites
1832 2548 1873 2581 in
1895 2558 1936 2582 ου

228 2619 318 2649 agro
343 2611 460 2650 erunt,
492 2610 554 2651 qui
578 2617 667 2650 ager
692 2609 758 2640 hac
782 2607 859 2649 lege
883 2607 990 2640 datus
1013 2606 1229 2650 adsignatus
1253 2607 1339 2648 erit,
1367 2616 1412 2638 no
1436 2607 1516 2648 quis
1538 2616 1597 2639 eos
1620 2603 1749 2636 limites
1773 2603 1937 2637 decuma-

226 2675 335 2697 nosve
352 2666 511 2707 obseptas
535 2674 623 2697 neve
647 2664 736 2707 quid
755 2666 793 2696 in
809 2666 860 2696 eie
877 2664 1041 2696 molitum
1057 2667 1143 2704 εει,-
1167 2664 1230 2695 ubi
1244 2663 1381 2696 dicitur
1397 2673 1468 2695 cue
1485 2662 1573 2704 legis
1588 2659 1772 2694 Mamiliao
1787 2659 1937 2694 Rosciae

227 2721 431 2754 Peducaeae
454 2721 617 2754 Allienae
639 2721 776 2754 Fabiae
807 2723 916 2763 caput
947 2722 1282 2762 quinquagesimum
1305 2722 1485 2762 quartum.
1531 2717 1666 2751 Eadem
1688 2716 1766 2756 fere
1789 2727 1836 2749 σω
1861 2716 1937 2759 Iege

227 2778 320 2810 Iulia
358 2779 509 2820 agraria
548 2780 637 2810 citat
670 2777 896 2810 Callistratus
927 2776 1012 2818 Dig.
1041 2775 1094 2816 47,
1117 2776 1174 2818 24,
1195 2777 1232 2810 5.
1268 2775 1341 2816 ‚Cli
1371 2774 1564 2808 Mommsen
1597 2773 1699 2808 Schr.
1732 2773 1797 2806 der
1824 2783 1938 2807 roem.

225 2834 364 2867 Feldm.
379 2834 419 2866 II
428 2845 463 2877 p.
477 2835 567 2875 224;
591 2834 682 2877 Eplz.
697 2844 748 2876 ep.
762 2834 785 2867 2
800 2832 922 2876 pA2o.
935 2851 981 2856 ——-
1008 2834 1084 2874 171)
1102 2832 1255 2866 Videtur
1269 2830 1474 2875 significari
1491 2830 1550 2862 leae
1566 2839 1673 2872 quam
1683 2832 1768 2873 post
1784 2831 1933 2862 mortem

226 2890 417 2923 dictatoris
433 2890 521 2923 tulit
535 2891 719 2924 Antonius
736 2890 779 2923 de
797 2889 946 2923 coloniis
963 2889 1177 2922 deducendis
1192 2887 1281 2929 (Cic.
1294 2887 1384 2920 Phil.
1397 2887 1432 2928 ὅ,
1447 2887 1479 2927 4,
1494 2885 1553 2930 40)
1562 2894 1576 2929 ;
1600 2884 1648 2926 cf.
1664 2885 1826 2920 Momms.
1840 2884 1932 2928 Epic.

227 2956 279 2988 ep.
296 2947 318 2979 2
338 2957 377 2989 p.
390 2946 463 2979 449.
479 2965 526 2971 —·
555 2948 633 2990 172)
657 2947 877 2989 Senatus-quc
902 2945 1071 2979 consultis
1089 2947 1256 2988 plebique
1277 2945 1387 2977 scitis.
1402 2961 1448 2966 —-
1474 2944 1552 2986 173)
1577 2942 1638 2976 Sic
1651 2943 1760 2976 etiam
1778 2942 1933 2985 optimus

228 3002 342 3035 codem
358 3004 520 3045 corporis
540 3003 748 3038 Gromaiici.
760 3021 806 3027 -—
831 3005 910 3045 174)
937 3001 990 3042 Cf:
1008 3004 1081 3036 not.
1099 3002 1136 3036 Η
1164 3001 1274 3046 (recle
1293 2999 1352 3044 qui
1369 3009 1499 3042 corpus
1512 2999 1660 3042 gron).
1676 3018 1722 3024 —
1748 2999 1826 3041 175)
1848 2998 1931 3031 Pu·-

226 3060 440 3100 secutioque.
453 3077 499 3084 --
518 3060 596 3101 176)
610 3058 664 3091 De
681 3060 856 3092 libertinis
873 3059 1038 3092 admissis
1052 3059 1147 3091 inter·
1163 3057 1371 3090 decuriones
1386 3055 1612 3089 coloniarum
1630 3055 1932 3090 Caesarianam

227 3112 274 3152 cll
299 3113 491 3147 Mommsen
516 3114 607 3157 Eplz.
633 3115 721 3157 ep.2
744 3125 779 3157 p.
797 3115 876 3149 ⁴52.
900 3133 946 3140 —
972 3116 1049 3155 177)
1073 3113 1151 3147 Sor.
1176 3122 1230 3146 ne.
1253 3130 1298 3138 —
1324 3113 1403 3155 178)
1425 3112 1679 3150 Duoviratum.
