2092 3360
197 171 280 208 402
929 169 1050 215 Caput
1071 169 1173 206 XIII.

311 284 563 327 Inscriptiones
590 284 629 315 in
652 282 765 324 podio
794 284 1050 326 amphitheatri
1077 283 1201 317 Flavii
1232 283 1281 316 ad
1305 284 1530 326 designanda
1561 287 1800 327 spectatorum
1831 288 1909 321 loca

198 345 314 374 aetate
335 342 471 374 labente
486 340 619 372 incisas
633 341 716 382 post
732 338 972 373 Lancianium
997 341 1108 381 (Bull.
1126 341 1313 374 comunale
1335 340 1422 374 1880
1444 351 1479 383 p.
1496 341 1677 375 243—249
1700 353 1736 376 n.
1750 343 1911 385 53—855

195 408 231 440 p.
244 396 422 430 249-267
439 406 472 430 n.
486 396 662 440 86—226)
688 395 801 429 edidit
818 397 968 429 Huelsen
986 397 1041 431 VI
1051 399 1338 434 52099-52151.
1361 397 1644 432 52152-52250
1662 397 1761 442 (illas
1775 400 1911 433 saeculi

195 465 231 497 p.
247 454 327 487 Chr.
341 453 403 493 IV,
428 453 493 485 lias
509 454 675 486 cai-euntis
698 463 789 488 saec.
810 454 843 488 V
865 455 922 488 vel
943 456 1102 488 ineuntis
1124 455 1249 500 seoeti).
1265 474 1310 480 -—
1337 454 1477 488 Similes
1500 456 1752 496 inscriptiones
1775 458 1911 500 amplii-

199 511 331 543 theatri
361 509 672 552 Carthaginiensis
703 510 817 543 edidit
845 511 1006 544 Delattre
1036 510 1137 546 mem.
1168 513 1230 546 des
1259 513 1485 555 antiquaire-s
1515 511 1558 545 de
1580 511 1724 545 Franco
1745 512 1800 555 57,
1827 513 1913 549 1898

196 578 232 611 p.
249 567 313 600 142
326 577 417 609 seq.‚·
443 566 695 611 Syracusanas
718 568 824 601 habes
847 567 882 601 X
894 567 995 610 7150,
1020 569 1244 602 Arelatenses
1267 568 1340 602 XII
1350 569 1429 610 714,
1455 568 1618 601 Palenses
1638 569 1676 604 V
1684 571 1741 612 85,
1765 569 1912 613 Lugdu-

198 634 323 657 nenses
346 623 433 656 XIII
448 623 540 666 1667,
574 625 780 658 Parisiacas
803 625 893 658 XIII
913 626 1022 668 5055,
1049 625 1344 660 Lambaesitanas
1371 625 1461 660 VIII
1472 626 1580 669 5295,
1604 627 1844 670 Aquincenses
1859 628 1916 661 III

200 682 235 715 S.
260 682 382 716 10495.

313 761 424 808 5655
485 776 546 816 eq.
577 778 614 816 g.
646 764 735 804 111¹.

313 832 518 865 Arausione
540 834 580 864 in
597 832 748 873 theatro,
773 833 812 864 in
825 831 971 874 gradus
994 833 1071 865 eius
1097 833 1160 875 qui
1176 832 1323 873 infimus
1347 835 1398 865 est
1414 835 1584 876 omnium,
1606 836 1713 877 parte
1731 836 1914 869 anteriore

201 888 288 931 (XII
308 888 411 922 1241ι
434 889 528 921 vidit
552 886 786 932 Hirschfeld).
811 907 857 913 —
890 890 922 931 1)
947 889 1119 932 Equitum
1139 889 1281 931 gradus
1306 891 1386 923 tres.

198 950 226 953 “
314 968 430 1013 5656
480 971 534 1010 n.¹
573 970 656 1009 Atr.
689 976 728 1009 et
759 970 915 1011 ονῑαῑε2
954 971 1038 1011 100³
1077 970 1131 1010 fi?
1159 970 1261 1010 xxv
1291 971 1328 1011 d.
1359 972 1397 1012 d.
1429 950 1916 1023 m

203 1036 361 1095 [A]rar.⁵
390 1038 456 1078 XL
488 1039 525 1078 d.
557 1038 594 1078 d.
626 1039 662 1078 d.
694 1038 740 1078 N.

315 1105 489 1140 Nemausi
514 1108 550 1139 in
577 1106 853 1149 amphitheatro,
877 1107 917 1139 in
939 1106 1050 1149 podio
1075 1109 1117 1139 ut
1132 1107 1274 1140 videtur
1297 1107 1395 1150 quod
1418 1118 1562 1141 caveam
1586 1111 1703 1152 cingit
1726 1108 1811 1154 (XII
1824 1110 1916 1146 5516

201 1162 248 1203 cll
271 1174 308 1206 p.
324 1165 391 1197 856
422 1163 513 1196 vidit
540 1160 774 1207 Hirschfeld).
821 1163 882 1196 Ea.-
912 1162 1029 1196 altero
1059 1163 1219 1206 eaeemplo
1253 1163 1408 1197 eiusdem
1441 1165 1541 1198 tituli
1562 1166 1706 1200 videtur
1734 1177 1917 1211 superesse

200 1219 271 1253 XII
290 1220 391 1254 5317.
429 1238 472 1243 -
511 1221 542 1262 1)
572 1219 715 1254 Nautis.
750 1239 796 1243 —
832 1219 865 1262 2)
899 1218 1058 1253 Nomina
1088 1221 1283 1260 fluviorum
1317 1221 1423 1254 hodie
1453 1221 1631 1256 dictorum
1666 1222 1859 1258 l’Ardeche
1883 1228 1918 1258 et

202 1275 382 1318 I'Ouveze‚
408 1280 451 1310 ut
471 1277 712 1320 probabiliter
736 1278 890 1310 coniecit
915 1276 1254 1311 Germer-Durand.
1278 1296 1325 1302 ——
1357 1278 1392 1320 3)
1415 1277 1586 1315 Numero.
1610 1299 1654 1304 —
1678 1282 1714 1322 4)
1738 1281 1835 1314 Data
1859 1281 1916 1314 de-

202 1337 300 1367 creto
325 1334 558 1367 decurionum
582 1333 890 1367 Nemausensium.
916 1353 958 1358 —
985 1336 1019 1377 5)
1043 1333 1187 1368 Nautae
1210 1334 1412 1368 Rhodanici
1434 1339 1469 1368 et
1491 1337 1641 1370 Ararici
1662 1348 1766 1381 saepe
1787 1348 1916 1371 memo-

202 1394 335 1424 rantur
357 1393 396 1423 in
422 1391 540 1424 titulis
567 1390 866 1433 Lugdunensibus
891 1390 956 1430 (cll
983 1391 1018 1426 C.
1037 1392 1064 1424 Ι.
1084 1391 1122 1425 L.
1146 1390 1238 1424 XIII
1255 1402 1290 1433 p.
1307 1392 1403 1433 254).

319 1471 432 1518 5657
481 1473 526 1513 L.
548 1473 731 1513 Manilius
752 1473 885 1513 Gallus
915 1478 954 1513 et
986 1473 1026 1516 L.
1051 1470 1270 1529 Man[i]lius
1291 1474 1512 1514 Alexander
1532 1474 1669 1527 Aurg.¹
1700 1475 1750 1515 ob
1772 1473 1916 1531 hono!-

204 1554 289 1582 rem
320 1541 442 1581 Vlvir.
474 1541 692 1582 secundum
724 1541 957 1594 petitionem
988 1554 1040 1581 m.
1073 1541 1144 1583 m.²
1173 1542 1309 1594 optimi
1340 1542 1522 1596 patroni³
1552 1543 1638 1584 loca
1668 1541 1912 1600 spectacul.}

206 1622 373 1650 numero
406 1609 465 1650 CC
496 1610 641 1662 singuli
673 1622 720 1649 ex
741 1609 889 1662 duplici
909 1610 1079 1662 pecunia
1104 1608 1110 1664 Ι
1138 1610 1298 1651 decreto
1331 1611 1468 1664 optimi
1500 1612 1651 1653 ordinis
1681 1612 1914 1666 municipib.

204 1679 273 1719 m.⁴
302 1675 521 1732 Aurgitaxlni
557 1678 754 1718 dederunt
782 1677 1041 1718 donaverunt.

319 1746 404 1779 laen
422 1745 654 1787 Andalusiae‚
676 1746 741 1778 ubi
755 1742 830 1784 fuit
845 1746 1084 1789 municipium
1098 1746 1220 1788 Aurgi
1236 1745 1291 1790 (II
1303 1746 1394 1781 5564
1411 1747 1465 1779 bis
1482 1746 1661 1790 descripta
1676 1757 1768 1782 saec.
1783 1746 1915 1792 XVII).

204 1821 248 1826 -—
277 1804 309 1844 1)
332 1803 544 1845 Aurgitani.
568 1820 614 1827 -·
645 1803 678 1844 2)
702 1801 927 1845 Municipum
951 1804 1154 1846 municipii.
1181 1821 1228 1827 —
1259 1803 1294 1845 3)
1317 1804 1494 1836 Patronus
1516 1804 1609 1837 mihi
1631 1803 1774 1838 videtur
1796 1804 1915 1848 appel-

206 1860 277 1892 lari
299 1861 417 1903 ipsum
441 1860 679 1902 municipium
704 1860 852 1892 honoris
877 1869 999 1893 causa.
1023 1879 1068 1884 -—
1092 1861 1126 1903 4)
1151 1860 1353 1904 Municipii.

321 1916 369 1950 Ex
393 1916 560 1950 reditibus
584 1917 739 1950 locorum
766 1916 1008 1960 amphitheatri
1033 1920 1085 1949 est
1106 1927 1217 1959 supra
1241 1915 1286 1950 N.
1302 1916 1377 1951 411.

318 1997 433 2044 5658
482 1999 523 2040 C.
546 1999 722 2039 Licinius
753 1998 896 2038 Badius
923 1996 929 2052 Ι
958 1998 1122 2051 podium
1153 1999 1247 2038 circi
1278 2011 1317 2051 p.
1349 1998 1378 2038 C
1403 2000 1410 2050 Ι
1437 2011 1506 2040 sua
1536 2000 1714 2052 impensa
1745 2002 1790 2046 d.
1813 2001 1850 2040 d.

319 2077 452 2123 56588
481 2079 526 2119 T.
549 2079 704 2120 Cassius
732 2078 845 2119 Celer
871 2075 877 2133 Ι
904 2078 1066 2131 podium
1098 2078 1193 2118 circi
1219 2076 1226 2132 Ι
1252 2078 1374 2131 pedes
1395 2077 1423 2119 C
1450 2076 1456 2132 Ι
1482 2091 1550 2119 sua
1582 2079 1760 2132 impensa
1787 2077 1792 2134 Ι
1818 2080 1855 2120 d.
1876 2079 1913 2120 d.

319 2147 434 2190 Prope
468 2146 636 2180 Tauiram
666 2147 706 2179 in
739 2156 803 2179 ora
834 2144 1064 2188 Lusitaniae,
1099 2147 1164 2179 ubi
1191 2146 1267 2186 fuit
1293 2145 1419 2188 Balsa,
1455 2157 1530 2189 rep.
1567 2146 1630 2191 (11
1650 2146 1686 2182 S.
1708 2147 1807 2182 5465.
1828 2146 1915 2181 5466

205 2204 371 2237 Huebner
402 2204 495 2237 vidit
518 2203 676 2248 ectypa).
722 2202 925 2237 Secundam
960 2203 1234 2245 inscriptionem
1265 2203 1397 2236 litteris
1426 2203 1539 2237 multo
1572 2205 1758 2246 peioribus
1792 2206 1827 2236 et
1848 2206 1913 2236 mi-

205 2262 354 2294 noribus
376 2263 548 2304 scriptam
573 2271 646 2293 esse
670 2271 777 2303 quam
801 2260 952 2293 alteram
978 2262 1031 2292 ait
1052 2259 1229 2293 Huebner.

320 2339 432 2386 5659
481 2342 567 2381 loca
599 2355 638 2381 n.
669 2341 703 2381 D
734 2342 773 2381 in
807 2342 900 2382 circ.
928 2339 934 2396 Ι
961 2342 1048 2385 Sex,
1082 2341 1155 2382 lul.
1185 2342 1411 2382 Ianuarius¹
1438 2344 1444 2392 Ι
1471 2342 1582 2382 aedil.
1614 2341 1692 2382 dat.

319 2409 492 2452 Lugduni
516 2408 623 2453 (XIII
642 2408 727 2443 4949
749 2408 856 2442 semel
877 2408 1086 2453 descripta).
1110 2428 1157 2433 -
1183 2410 1214 2451 1)
1238 2409 1335 2443 Idem
1358 2411 1580 2442 memoratur
1601 2407 1692 2442 XIII
1710 2407 1808 2442 4805.

318 2466 377 2499 Aa
407 2465 486 2499 loca
518 2468 558 2500 in
590 2467 686 2499 circo
717 2467 818 2498 urbis
846 2465 979 2499 Romae
1009 2467 1187 2499 attributa
1221 2469 1382 2509 spectare
1417 2466 1559 2499 videtur
1587 2464 1633 2499 Ν.
1654 2465 1723 2498 286
1757 2465 1836 2505 (sed
1864 2464 1911 2505 cf.

206 2523 398 2556 Mommsen
424 2523 648 2557 Staatsrecht
672 2522 728 2555 III
748 2533 782 2565 p.
799 2523 861 2556 446
884 2526 959 2556 not.
975 2524 1028 2564 5).

319 2603 432 2648 5660
480 2605 522 2644 L.
547 2604 723 2645 Valerius
752 2606 954 2645 Amandus
995 2603 1000 2660 Ι
1041 2612 1081 2645 ct
1109 2605 1154 2645 L.
1179 2605 1353 2646 Valerius
1384 2604 1561 2644 Lucumo
1599 2601 1606 2657 Ι
1647 2603 1832 2655 podium¹
1871 2605 1911 2644 in

207 2673 312 2712 circo
344 2686 383 2725 p.
406 2673 508 2713 dec.2
533 2672 540 2722 l
567 2673 618 2713 ob
639 2674 834 2714 honorem
855 2671 1016 2713 lil—nlvir.
1045 2674 1051 2726 Ι
1077 2686 1125 2713 ex
1145 2674 1305 2713 decreto
1336 2673 1596 2712 decurionum
1620 2669 1626 2724 Ι
1656 2670 1694 2710 d.
1715 2684 1746 2711 s.
1768 2684 1807 2723 p.
1830 2671 1855 2711 f.
1878 2684 1913 2712 c.

320 2740 457 2779 Zal'rae
480 2742 520 2773 in
543 2740 690 2774 Baetica
722 2740 777 2784 (11
796 2741 860 2774 984
895 2739 942 2780 cs:
966 2740 1058 2783 Eph.
1083 2750 1136 2783 ep.
1151 2741 1175 2774 8
1195 2751 1230 2783 p.
1247 2740 1314 2774 384
1343 2739 1454 2772 descr-
1477 2748 1569 2772 saec.
1592 2736 1699 2771 XVII
1718 2737 1914 2772 Bodericus

208 2797 327 2841 Caro).
351 2816 395 2821 —
423 2798 455 2839 1)
479 2797 593 2831 lucum
618 2797 663 2831 ob
688 2797 802 2831 odium
828 2797 932 2830 aliud
953 2797 1163 2839 exemplum.
1187 2816 1233 2821 —
1258 2797 1290 2836 2)
1315 2807 1348 2840 p.
1373 2794 1426 2828 Dc
1447 2792 1611 2836 praefert
1635 2794 1793 2829 Momms.

321 2876 432 2923 5661
480 2878 590 2918 Dec.¹
622 2877 755 2918 Claud.
789 2878 960 2920 luvenal.
992 2875 1224 2932 Sarldicus²‚
1269 2874 1454 2930 perfectis
1494 2875 1607 2915 metis
1646 2874 1654 2928 Ι
1694 2883 1733 2915 et
1763 2875 1913 2916 ovaris’

207 2946 379 2999 itemque
423 2941 621 3000 tribulnali
663 2946 859 2995 iudicum,
906 2959 1006 2995 quae
1045 2946 1096 2986 ob
1134 2943 1374 3000 mclmoriam
1413 2942 1664 2983 Claudiorum
1699 2940 1911 2998 Rulfiniani

206 3014 272 3061 fili,
304 3014 433 3054 bonae
463 3009 687 3068 memolriae
716 3015 879 3063 iuvenis,
910 3021 949 3054 et
970 3012 1181 3068 Rufinialni
1202 3019 1241 3053 et
1260 3011 1450 3052 Victorini
1480 3017 1683 3065 nepotum,
1710 3009 1717 3066 Ι
1744 3017 1783 3052 et
1806 3011 1912 3052 Lon-

207 3081 320 3132 gania
351 3082 550 3136 Primosa,⁴
585 3082 591 3135 Ι
625 3083 753 3122 bonae
784 3083 996 3122 memoriae
1036 3076 1230 3134 feminae,
1269 3092 1370 3120 uxor
1400 3080 1511 3128 eiius,
1550 3086 1676 3120 mater
1705 3086 1745 3119 et
1783 3081 1791 3130 Ι
1829 3079 1911 3119 avia
