2092 3360
265 173 347 211 522
984 173 1102 217 Caput
1124 171 1242 207 XIIII.

265 287 391 339 6089Ι
429 285 586 342 adilgito
608 288 647 327 in
676 288 904 327 contionem
925 292 1009 333 (sic)
1041 286 1168 338 palam
1200 299 1272 339 per
1292 286 1423 326 Iovem
1455 294 1495 326 et
1523 287 1666 338 dilvom
1688 290 1910 340 Augustum
1940 295 1979 329 et

266 362 392 397 divom
425 355 628 396 Claudium
668 362 707 395 et
745 354 874 394 divom
901 352 907 410 Ι
934 354 1219 406 Vespasianum
1248 356 1350 406 Aug.
1382 361 1421 395 et
1450 354 1580 395 divom
1611 355 1744 396 Titum
1774 358 1873 408 Aug.
1899 354 1906 412 Ι
1939 365 1978 397 et

265 425 435 464 Genium
458 424 551 476 imp.
577 423 752 463 Caesaris
773 420 1028 463 Domitiani²³
1052 425 1151 475 Aug.
1180 420 1185 476 Ι
1212 423 1386 475 deosque
1407 423 1597 463 Penates:
1628 436 1670 464 se
1691 422 1902 478 eumque²⁴
1930 437 1978 465 ex

264 505 303 543 h.
335 504 359 543 l.
392 504 521 542 facere
549 499 555 555 Ι
582 502 782 555 oportebit
813 505 1028 552 facturum,
1062 515 1191 555 neque
1221 502 1406 543 adversus
1432 500 1438 558 Ι
1465 503 1503 542 h.
1534 503 1558 543 l.
1590 503 1730 543 fecisse
1759 510 1826 544 aut
1855 504 1979 545 factu-

264 584 353 612 rum
383 583 468 611 esse
498 570 688 611 scientem
717 568 723 626 Ι
750 571 787 610 d.
818 572 901 611 m.²¹

319 651 369 690 R.
420 650 478 690 Ut
508 651 565 690 de
595 651 812 703 pecunia
844 651 1094 690 communi
1127 650 1434 702 municipum
1466 657 1691 691 caveatur
1720 650 1864 701 abis,
1896 653 1977 704 qui

418 718 677 758 llviratum
705 717 711 772 Ι
739 727 1119 770 quaesturamve
1148 725 1300 771 petet.
1327 717 1332 772 Ι

379 787 457 827 LX.
518 786 594 833 Qui
632 786 672 826 in
711 799 758 826 eo
794 775 1015 839 municipio
1049 787 1249 827 llviratum
1294 792 1604 843 quaesturamlve
1648 794 1786 840 petent
1830 788 1978 841 quique

264 862 430 909 propter
451 867 508 903 ea,
541 855 646 906 quod
668 856 902 907 pauciorum
928 856 935 909 Ι
963 856 1125 896 nomine
1156 868 1273 908 quam
1296 862 1455 909 oportet
1485 856 1678 908 professio
1702 857 1803 896 sacta
1828 856 1834 907 Ι
1861 863 1977 903 esset,

267 924 497 964 nominatim
529 924 569 963 in
602 935 686 963 eam
717 924 996 964 condicionem
1023 922 1029 976 Ι
1057 923 1306 976 rediguntur,
1337 930 1382 963 ut
1402 924 1449 964 de
1471 924 1531 964 his
1553 937 1713 977 quoque
1733 923 1977 978 suffragilum

264 1006 311 1033 ex
342 993 380 1032 h.
402 992 427 1032 l.
460 992 554 1032 ferri
586 998 787 1044 oporteat:
820 993 988 1045 quisque
1010 1005 1161 1040 eorum,
1189 990 1195 1047 Ι
1222 1005 1301 1044 quo
1323 991 1386 1032 die
1409 993 1567 1032 comitia
1586 992 1853 1041 habebuntur,
1884 998 1976 1032 ante

264 1074 381 1114 quam
410 1059 416 1115 Ι
442 1061 672 1113 suffragium
705 1061 855 1101 feratur
883 1061 1073 1101 arbitratu
1106 1062 1190 1100 eius
1222 1061 1288 1114 qui
1319 1073 1364 1100 ea
1391 1058 1398 1114 Ι
1431 1061 1588 1102 comitia
1619 1061 1777 1102 habebit
1811 1061 1978 1115 praedes

264 1131 304 1170 in
343 1142 555 1170 commune
590 1127 850 1181 muinicipum
895 1129 985 1169 dato
1026 1130 1236 1182 pecuniam
1275 1141 1528 1169 communem
1569 1129 1741 1182 eolrum‚
1786 1141 1903 1182 quam
1934 1129 1976 1169 in

263 1199 417 1238 honore
447 1211 520 1238 suo
541 1198 778 1246 tractaverit,
806 1196 812 1251 Ι
838 1197 982 1238 salvam
1012 1197 1045 1238 is
1076 1198 1173 1237 fore.
1235 1197 1275 1237 Si
1307 1198 1341 1241 d.
1366 1211 1401 1237 e.
1423 1195 1491 1237 r.²5
1520 1198 1553 1237 is
1574 1197 1786 1249 praedibus
1814 1194 1974 1253 minus}

265 1275 423 1307 cautum
455 1280 541 1307 esse
572 1266 779 1315 videbitur,
811 1266 969 1319 praedia
999 1266 1230 1318 subsignato
1258 1265 1263 1321 Ι
1297 1266 1486 1306 arbitratu
1519 1266 1720 1306 eiiusdem.
1781 1266 1898 1318 Isque
1927 1264 1976 1305 ab

263 1336 310 1376 iis
339 1336 506 1389 praedes
536 1332 786 1389 praeldiaque
817 1334 903 1375 sine
934 1335 970 1374 d.
1002 1335 1084 1374 m?¹
1116 1336 1296 1388 accipito,
1327 1335 1457 1388 quoad
1487 1341 1594 1374 recte
1625 1335 1794 1388 caultum
1825 1334 1888 1383 sit,
1918 1334 1976 1373 uti

264 1404 371 1456 quod
401 1411 510 1443 recte
540 1405 686 1443 factum
724 1415 809 1443 esse
846 1403 963 1443 volet.
1005 1404 1011 1454 Ι
1052 1403 1128 1443 Per
1159 1416 1276 1455 quem
1307 1416 1464 1453 eorum,
1510 1403 1558 1443 de
1589 1403 1734 1455 quibus
1763 1402 1975 1442 IIvirorum

264 1474 578 1525 quaesltorumve
618 1471 786 1511 comitiis
825 1471 1056 1523 suffragium
1096 1472 1190 1511 ferri
1222 1469 1451 1526 oporltebit‚
1490 1471 1659 1519 steterit,
1700 1483 1738 1523 q.
1769 1468 1975 1511 m2⁹³recte

263 1548 456 1589 caveatur,
490 1541 573 1580 eius
604 1536 747 1595 qu[i]²⁶
783 1537 955 1589 colmitia
985 1539 1144 1580 habebit
1174 1540 1366 1580 rationem
1404 1553 1454 1580 ne
1486 1539 1642 1580 habeto.
1670 1537 1675 1593 Ι

319 1621 369 1660 R.
410 1621 473 1660 De
503 1626 720 1673 patrono
752 1618 1054 1671 cooptando.
1082 1618 1089 1672 Ι

375 1687 474 1729 LXI.
534 1688 591 1728 Ne
623 1688 710 1740 quis
740 1694 952 1740 patronum
983 1687 1142 1741 publice
1172 1687 1441 1740 municipibus
1470 1687 1690 1740 munilcipii
1721 1686 1826 1727 Flavi
1855 1686 1974 1727 Mala·

262 1757 382 1797 citani
413 1763 596 1809 cooptato
628 1753 951 1809 patrocinilumve
982 1756 1046 1795 cui
1076 1756 1241 1804 deserto,
1274 1756 1419 1796 nisiex
1440 1756 1598 1796 maioris
1628 1755 1750 1808 partis
1781 1750 1974 1806 delcurio-

264 1838 360 1866 num
391 1825 567 1874 decreto,
598 1824 705 1876 quod
735 1823 936 1864 decretum
969 1824 1115 1863 factum
1156 1822 1163 1876 Ι
1203 1824 1289 1872 erit,
1321 1837 1412 1864 cum
1442 1824 1542 1864 duae
1571 1831 1704 1876 partes
1734 1836 1817 1863 non
1847 1823 1979 1864 minus

263 1892 474 1946 adfuelrint
503 1900 542 1933 et
571 1893 688 1933 iurati
718 1905 791 1944 per
808 1891 1041 1932 tabellam²⁶⁸
1072 1892 1309 1933 sententiam
1330 1892 1520 1943 tullerint.
1562 1892 1641 1939 Qui
1660 1892 1773 1932 aliter
1792 1892 1978 1932 adversus

264 1975 308 2002 ea
339 1969 551 2015 patronum
579 1958 584 2014 Ι
612 1961 768 2014 publice
800 1961 1069 2014 municipibus
1099 1961 1305 2014 municipii
1335 1961 1441 2001 Flavi
1472 1958 1706 2015 Maliacitani
1736 1960 1979 2013 cooptaverit

264 2030 579 2083 patrociniumve
618 2031 682 2070 cui
724 2027 730 2085 Ι
771 2029 972 2078 detulerit,
1018 2029 1051 2069 is
1081 2029 1146 2069 HS
1177 2019 1214 2069 X
1248 2030 1287 2069 ᾖ.
1333 2029 1373 2068 in
1413 2025 1654 2084 [pjublicum
1696 2027 1978 2083 municilpibus

265 2098 471 2151 municipii
512 2098 616 2138 Flavi
660 2098 883 2138 Malacitani
928 2099 965 2138 d.
1005 2097 1042 2137 d.
1083 2109 1144 2146 e.;
1196 2095 1385 2153 eislque²⁷
1423 2098 1608 2139 adversus
1646 2098 1685 2138 h.
1722 2098 1747 2138 l.
1787 2105 1978 2151 patronus

264 2174 472 2220 cooptatus
502 2164 685 2222 cuilius²⁸
713 2167 978 2219 patrocinium
1010 2166 1180 2207 delatum
1212 2167 1300 2214 erit,
1331 2180 1382 2207 ne
1413 2167 1536 2219 magis
1562 2164 1568 2222 Ι
1596 2167 1646 2207 ob
1676 2179 1762 2207 eam
1793 2178 1877 2207 rem
1900 2171 1976 2219 'pa-

265 2243 406 2275 tronus
434 2235 697 2288 municipium
723 2239 807 2283 (sic)
838 2235 1045 2287 municipii
1076 2234 1182 2275 Flavi
1213 2235 1530 2275 Malacitanitanii
1555 2240 1640 2284 (sic)
1672 2241 1770 2276 esto.
1798 2231 1804 2288 Ι

320 2314 369 2354 R.
421 2315 485 2354 Ne
529 2316 646 2366 quis
691 2315 958 2362 aedificia,
1010 2326 1133 2366 quae
1184 2311 1551 2370 restitutulrus
1602 2327 1702 2354 non
1748 2313 1846 2354 erit
1890 2312 1975 2353 de-

416 2383 643 2424 struat²⁸⁸.
672 2381 676 2438 Ι

379 2451 497 2491 LXII.
557 2452 614 2492 Ne
646 2452 734 2504 quis
764 2452 804 2491 in
834 2451 980 2504 oppido
1011 2451 1218 2504 municipii
1238 2451 1342 2491 Flavi
1365 2449 1596 2504 Malacitalni
1627 2462 1805 2503 quaeque
1836 2450 1871 2490 ei
1901 2462 1974 2502 op-

264 2520 356 2572 pido
388 2521 632 2560 continentia
662 2520 837 2560 aedificia
863 2519 868 2573 Ι
897 2527 1033 2568 erunt,
1063 2520 1289 2575 aedificium·
1315 2519 1486 2571 detegito
1517 2519 1707 2560 destruito
1738 2514 1976 2574 demoiliun-

264 2588 404 2629 dumve
436 2595 585 2638 curato,
626 2585 743 2629 nisi²⁹
780 2589 1042 2628 decurionum
1084 2585 1465 2643 conlscriptorumve
1494 2586 1691 2627 sententia
1729 2597 1819 2625 cum
1849 2585 1974 2625 maior

264 2670 355 2709 pars
383 2658 388 2711 Ι
415 2670 554 2698 eornm
584 2658 767 2706 adfuerit,
806 2656 914 2710 quod
944 2657 1155 2697 restiturus
1179 2661 1264 2705 (sce)
1303 2656 1408 2696 intra
1437 2652 1677 2710 proxilmum
1708 2666 1858 2694 annum
1890 2666 1971 2694 non

265 2726 352 2765 erit.
412 2725 489 2772 Qui
530 2727 717 2766 adversus
753 2738 798 2766 ea
838 2723 1007 2780 fecelrit‚
1047 2725 1080 2765 is
1110 2725 1247 2777 quanti
1287 2737 1320 2764 e.
1352 2737 1384 2764 r.
1415 2721 1498 2770 e.³⁰‚
1542 2730 1570 2763 t.
1600 2720 1675 2776 p.³²
1703 2722 1973 2775 municipibus

264 2794 455 2846 municipi
484 2792 489 2848 Ι
517 2794 620 2834 Flavi
643 2794 862 2834 Malacitani
892 2795 929 2834 d.
951 2795 989 2834 d.
1011 2791 1092 2842 e.²²,
1125 2794 1288 2845 eiusque
1319 2791 1510 2845 pecuniae
1535 2789 1542 2845 Ι
1568 2791 1696 2842 deque
1726 2803 1772 2831 ea
1802 2790 1971 2848 pecunia

379 2932 436 2972 23)
459 2929 598 2963 Nomen
622 2941 773 2973 erasum,
796 2931 860 2963 sed
882 2930 1024 2972 legitur.
1048 2947 1094 2952 ——-
1119 2929 1175 2970 24)
1201 2928 1278 2962 Ser.
1302 2937 1340 2961 se
1364 2937 1402 2960 ea
1429 2935 1526 2970 quae.
1550 2944 1596 2950 --
1628 2927 1684 2968 25)
1709 2926 1764 2959 De
1786 2937 1827 2959 ea
1851 2937 1902 2961 ro.
1928 2944 1971 2950 -·

266 2988 321 3027 26)
339 2997 405 3030 que
419 2998 489 3020 aes.
502 3006 547 3011 —
565 2988 638 3029 26⁸)
656 2985 710 3026 Cf.
722 2986 824 3026 infra
839 2986 988 3021 N.6299.
1001 3004 1046 3011 —
1059 2987 1116 3027 27)
1132 2984 1210 3018 Ser.
1229 2988 1264 3017 et
1280 2983 1309 3017 is
1327 2983 1396 3027 qui.
1409 3001 1454 3006 —
1471 2983 1527 3023 28)
1545 2981 1621 3016 Ser.
1635 2981 1757 3027 cuiive.
1769 3001 1813 3007 -
1829 2983 1901 3025 28⁸)
1916 2980 1970 3021 Cf.

265 3043 400 3075 similia
416 3045 605 3086 praecepta
625 3043 713 3085 legis
734 3042 947 3076 Tarentinae
962 3040 1024 3085 (Ν.
1037 3041 1139 3084 6086)
1158 3051 1189 3074 υ.
1200 3041 1249 3075 52
1257 3050 1327 3082 seq.
1345 3042 1379 3071 et
1396 3038 1605 3074 Ursonemis
1623 3039 1643 3082 (
1640 3038 1685 3073 N.
1695 3040 1782 3073 6087
1777 3039 1797 3083 )
1812 3049 1893 3082 cap.
1905 3039 1971 3081 73,-

264 3100 348 3131 item
373 3097 418 3133 Ν.
435 3100 534 3133 6045.
560 3118 602 3124 —
628 3100 684 3140 29)
709 3099 827 3131 Insere
852 3097 904 3133 de.
927 3115 972 3122 —
997 3099 1054 3140 30)
1078 3097 1133 3130 Ea
1157 3107 1214 3129 res
1237 3097 1317 3129 erit.
1340 3114 1384 3119 —
1409 3097 1464 3135 31)
1494 3094 1646 3128 Tantam
1668 3097 1868 3138 pecuniam.
