2092 3360
0 0 25 29 ΙΨ

0 35 15 47 ἢ,

410 185 524 223 Tituli
547 186 771 232 pertinentes
795 186 844 223 ad
866 186 983 223 ludos.
1008 206 1052 212 —
1076 186 1331 224 Palaestritae.
1356 186 1495 225 Pilarii.
1520 187 1677 234 Pugiles.
1819 187 1900 227 317

523 303 589 356 qui
618 303 711 344 vicit
740 314 879 343 omnes
908 306 1178 344 antecessores
1205 305 1298 343 suos
1325 300 1330 358 Ι

521 373 643 412 sensu
672 371 813 412 decore
844 371 971 424 adque
1002 378 1084 412 arte
1114 371 1381 425 suptssissimd.
1410 369 1415 428 Ι

518 439 634 480 Nunc
664 441 755 481 vera
783 451 899 480 versu
930 439 1050 481 verba
1079 440 1254 481 dicamus
1283 442 1418 481 senes:
1448 439 1454 495 Ι

520 520 607 549 sum
638 508 763 549 victus
792 508 889 561 ipse,
922 509 1060 558 fateor,
1091 512 1112 549 a
1143 515 1205 550 ter
1234 509 1398 549 consule
1425 507 1431 562 Ι

517 575 641 630 Vero⁴
671 579 852 629 patrono,
884 589 960 618 nec
990 577 1111 618 semel
1139 577 1206 618 sed
1237 577 1406 630 saepius,
1434 575 1440 630 Ι

516 644 630 685 cuius
660 643 831 685 libenter
860 645 971 686 dicor
1001 645 1257 686 exodiarius⁶.

299 721 433 756 Romae
471 722 543 767 (VI
569 723 654 757 9797
689 723 781 756 vidit
810 723 1006 760 Bor-mann.
1054 723 1246 757 Buecheler
1276 733 1386 758 carm.
1410 725 1524 768 epigr.
1547 734 1583 760 n.
1605 725 1662 758 29.
1713 723 1897 758 Trai-tavit

186 778 379 813 Mommsen
403 780 481 823 eph.
505 791 558 824 ep.
582 780 601 813 4
623 791 659 824 p.
676 782 721 814 55
733 779 833 825 seq).
856 800 901 806 —
927 782 959 823 1)
983 781 1127 815 Primus
1150 791 1197 814 οτι,-
1220 781 1356 813 civibus
1379 779 1550 814 Romanis
1580 783 1643 825 qui
1667 783 1792 815 vitreis
1812 782 1897 826 pilis

182 835 324 879 publice
356 836 498 878 luserit,
534 839 636 870 cuius
666 837 765 870 lusus
792 840 979 881 praeterea
1011 838 1142 871 mentio
1175 836 1259 878 fieri
1286 847 1360 871 non
1391 837 1544 872 videtur.
1580 857 1626 863 —
1662 839 1695 880 2)
1728 838 1782 872 De
1811 838 1894 882 pili-

185 894 301 936 crepis
331 894 371 926 in
401 894 537 927 balneis
566 905 603 927 se
633 895 881 927 exercentibus
913 892 960 934 cs:
986 890 1118 928 Seneca
1144 904 1196 937 ep.
1219 895 1274 936 56,
1290 894 1328 937 4,
1360 894 1499 928 Statius
1521 896 1599 929 silv.
1624 895 1655 937 4,
1678 897 1712 937 5,
1735 896 1790 930 57.
1839 894 1895 936 Cr.

180 952 372 992 praeterea
404 950 439 984 0.
456 950 482 984 J.
502 950 544 986 L.
568 950 619 984 IV
642 950 734 985 4447.
764 951 862 985 4905.
894 950 982 985 4926
1014 951 1287 994 (sphaeristerio
1320 961 1400 985 cum
1425 952 1562 985 balneis
1586 955 1778 986 coniuncta
1802 953 1894 988 Ptin.

182 1016 236 1048 ep.
253 1006 288 1049 2,
306 1006 358 1050 47,
374 1007 430 1042 42.
453 1009 487 1050 5,
502 1009 536 1050 6,
550 1007 624 1052 27).
640 1026 686 1032 -
711 1008 744 1050 3)
770 1007 885 1041 Cellae
899 1009 1066 1041 vinariae
1081 1008 1324 1050 imperatoris,
1349 1010 1389 1042 in
1405 1019 1477 1053 qua
1500 1011 1587 1043 vina
1611 1010 1893 1043 asservabantur

181 1065 320 1106 optima
345 1063 548 1109 (Momms).
583 1083 627 1089 —
662 1066 698 1106 4)
725 1063 966 1107 significatur
988 1064 1036 1099 M.
1061 1064 1204 1097 Annius
1229 1063 1345 1098 Verus
1364 1064 1574 1109 praefectus
1604 1066 1688 1099 urbi
1710 1067 1744 1098 et
1767 1066 1894 1099 consul

182 1121 289 1154 tertio
314 1131 408 1155 anno
431 1122 519 1162 426,·
542 1120 590 1162 cf:
614 1132 726 1165 supra
749 1121 794 1156 N.
813 1122 902 1156 2447
923 1125 998 1155 not.
1015 1124 1047 1157 4.
1070 1141 1117 1147 -
1141 1123 1175 1164 5)
1201 1121 1255 1162 Cf.
1280 1121 1397 1158 Sclzol.
1422 1123 1499 1158 Iuv.
1524 1123 1560 1165 3,
1575 1122 1657 1156 473.-
1680 1122 1891 1156 eoeodiarius

179 1177 279 1219 apud
299 1179 431 1211 veteres
453 1181 493 1211 in
516 1177 588 1219 fine
613 1178 778 1212 ludorum
802 1180 979 1221 intrabat,
1012 1181 1076 1222 qui
1099 1180 1277 1213 ridiculus
1299 1179 1404 1220 foret.

292 1279 406 1327 5174
457 1282 500 1323 Ρ.
522 1282 632 1323 Aelio
662 1283 762 1335 Aug.
794 1283 862 1323 lib.
894 1284 1078 1324 Secundo
1107 1284 1111 1338 Ι
1139 1285 1300 1338 pilario¹
1340 1285 1518 1324 omnium
1550 1281 1888 1339 eminentislsimo,

177 1349 269 1389 fecit
297 1349 405 1390 Aelia
434 1349 607 1403 Europe,
649 1349 655 1404 Ι
695 1351 779 1391 VIro
810 1352 1072 1401 sanctissimo,
1109 1360 1148 1393 et
1177 1352 1266 1401 sibi,
1308 1350 1313 1408 Ι
1355 1359 1394 1393 et
1424 1352 1608 1392 Secundo
1647 1352 1699 1392 et‘
1724 1352 1888 1405 Magnae

176 1416 264 1467 filis,
290 1417 297 1473 Ι
324 1423 364 1458 et
391 1418 460 1459 lib.
491 1418 749 1472 libertabusq.
781 1420 992 1473 posterisq.
1024 1432 1186 1470 eorum3
1213 1421 1219 1476 Ι
1248 1421 1314 1474 qui
1347 1421 1420 1461 vix.
1452 1432 1546 1460 ann.
1567 1419 1699 1459 XLVI.

287 1483 430 1528 Romae,
454 1487 530 1519 iam
556 1486 683 1521 Urbini
706 1486 777 1527 (VJ
796 1487 885 1521 8997
907 1488 1000 1520 vidit
1025 1487 1237 1532 Bor-mann).
1253 1506 1298 1512 —
1325 1489 1357 1530 1)
1383 1486 1437 1527 Gr.
1455 1486 1606 1528 Quintil.
1623 1488 1676 1528 40,
1692 1487 1724 1530 7,
1737 1487 1776 1521 44
1785 1501 1797 1520 .·
1821 1489 1887 1520 mi·

172 1541 300 1574 racuta
323 1541 387 1575 illa
411 1544 451 1575 in
474 1545 613 1575 scaenis
632 1543 853 1586 pilariorum
877 1547 912 1577 et
934 1544 1198 1578 ventilatorum.

287 1643 421 1690 5174ει
449 1647 500 1687 M.
522 1647 769 1700 Pomponius
795 1645 800 1702 Ι
828 1643 1037 1704 Zosim[u]s
1069 1646 1291 1702 negotilans
1322 1644 1607 1704 ma[t]eriarius
1634 1646 1640 1702 Ι
1669 1643 1736 1704 [υ.]
1762 1648 1789 1687 f.
1811 1648 1886 1689 sibi

175 1719 214 1753 et
243 1711 499 1768 Pomponilae
525 1714 670 1756 Semne
700 1715 801 1755 filiae
833 1713 1016 1771 opltimae
1047 1716 1256 1756 defunctae
1283 1714 1288 1771 Ι
1317 1723 1355 1756 et
1389 1716 1612 1769 Pomponio
1643 1713 1885 1771 Secunldino

174 1781 363 1822 defuncto
388 1780 395 1836 Ι
423 1781 461 1822 b.
484 1795 537 1822 m.
584 1783 656 1824 Hic
685 1783 813 1836 lapide
844 1780 950 1838 Iulsit
980 1783 1227 1836 ponderibus
1254 1782 1259 1837 Ι
1286 1784 1367 1825 his:
1401 1783 1561 1833 XXXX,
1592 1784 1644 1833 L,
1676 1785 1739 1825 (3¹.

291 1848 435 1882 Salonis
457 1860 533 1892 rep.
557 1860 591 1883 α.
607 1850 695 1883 4892
722 1850 793 1894 (111
817 1850 852 1884 S.
869 1850 982 1884 42924
1006 1849 1212 1890 Hirschfeld
1234 1851 1328 1884 vidit
1352 1851 1605 1895 ectypum).-
1629 1852 1660 1893 1)
1687 1849 1742 1892 Cfi
1759 1851 1884 1885 Hiero·

175 1914 306 1948 nymus
329 1915 453 1940 comm.
476 1906 517 1939 in
540 1905 652 1941 Zach.
674 1907 718 1946 2,
740 1906 784 1940 42
810 1906 879 1947 (VI
897 1917 935 1949 p.
952 1908 1017 1940 896
1042 1906 1093 1940 ed.
1121 1907 1316 1952 Vallars.).·
1351 1918 1427 1941 mos
1451 1910 1503 1940 est
1525 1909 1565 1940 in
1588 1909 1737 1941 urbibus
1760 1908 1883 1941 Palae-

174 1962 304 2003 stinae,
329 1965 363 1994 et
378 1972 489 2005 usque
513 1963 617 1995 hodie
635 1973 704 2005 per
722 1973 858 1996 omnem
874 1963 1045 1996 Iudaeam
1069 1966 1167 1996 vetus
1191 1964 1407 1997 consuetudo
1431 1966 1607 2006 servatur,
1631 1967 1674 1997 ut
1687 1966 1728 1997 in
1744 1965 1882 2007 viculis,

172 2017 316 2061 oppidis
340 2021 375 2051 et
398 2019 554 2052 castellis
577 2019 728 2052 rotundi
745 2022 934 2062 ponantur
957 2019 1093 2062 lapides
1112 2021 1326 2062 gravissimi
1347 2020 1530 2064 ponderis,
1557 2021 1606 2054 ad
1629 2031 1717 2064 quos
1739 2022 1883 2055 iuvenes

172 2083 340 2107 exercere
362 2085 398 2107 se
421 2076 561 2110 soleant
582 2079 618 2109 et
641 2086 700 2109 eos
718 2086 789 2119 pro
805 2077 980 2108 varietate
1004 2077 1136 2109 virium
1158 2077 1354 2119 sublevare,
1377 2077 1445 2110 alii
1459 2087 1571 2121 usque
1596 2078 1645 2111 ad
1656 2087 1790 2120 genua,
1815 2078 1883 2112 alii

171 2140 284 2173 usque
313 2131 362 2164 ad
382 2133 609 2175 umbilicum,
644 2132 710 2165 alii
733 2132 783 2165 ad
806 2133 968 2165 humeros
992 2134 1027 2165 et
1050 2135 1158 2176 caput
1166 2158 1176 2176 ‚
1212 2134 1380 2167 nonnulli
1411 2144 1520 2177 super
1550 2136 1738 2178 verticem,
1772 2137 1881 2169 rectis

172 2187 376 2230 iunctisque
398 2190 572 2231 manibus,
596 2188 882 2232 magnitudinem
904 2189 1038 2221 virium
1062 2193 1312 2232 monstrantes,
1334 2190 1476 2234 pondus
1499 2191 1687 2226 extollant.
1727 2191 1882 2235 (Attulit

171 2243 289 2277 locum
315 2243 415 2278 Gatti
437 2247 476 2278 in
501 2248 593 2279 actis
615 2246 816 2279 minoribus
839 2245 941 2278 acad.
965 2245 1214 2290 Lyncaeorum
1237 2258 1306 2280 ser.
1334 2247 1373 2281 V
1389 2249 1413 2281 t.
1429 2247 1460 2288 4,
1485 2247 1572 2282 4892
1595 2258 1632 2291 p.
1647 2250 1741 2290 800.)

285 2346 397 2392 5175
458 2349 500 2389 L.
532 2350 766 2391 Cornificius
797 2351 839 2390 L.
870 2350 895 2390 l.
923 2348 929 2405 Ι
964 2351 1141 2391 Philemo
1175 2351 1285 2404 pugil
1296 2363 1307 2400 ;
1346 2349 1352 2406 Ι
1387 2351 1530 2392 Marcia
1561 2353 1648 2393 Sex.
1679 2353 1703 2392 1.
1731 2352 1736 2402 Ι
1766 2352 1877 2393 Cleo·

197 2429 218 2457 a
238 2424 252 2458 t
272 2428 326 2457 Pa·

166 2429 194 2474 'p
221 2412 415 2516 Hftomae
438 2482 510 2528 (VI
530 2484 637 2519 40456
662 2486 752 2518 vidit
774 2484 1010 2530 Fabrettius).

282 2585 395 2631 5176
443 2588 480 2628 d.
502 2601 554 2628 m.
582 2588 588 2644 Ι
615 2589 660 2628 Τ.
682 2589 829 2629 Iotelus
854 2588 860 2637 Ι
887 2587 1151 2644 citirvalrius¹,
1184 2602 1216 2629 v.
1245 2588 1250 2642 Ι
1278 2602 1312 2629 a.
1336 2589 1509 2638 LXXXI,
1537 2591 1544 2640 Ι
1571 2590 1608 2629 11.
1629 2602 1661 2630 s.
1683 2602 1717 2630 e.
1744 2589 1750 2645 Ι
1779 2589 1824 2630 Ο.
1847 2597 1874 2630 t.

168 2654 206 2694 b.
241 2667 280 2708 q.
311 2656 338 2695 s.

281 2733 419 2779 5176·
462 2735 589 2777 Cirius
619 2734 899 2791 calthruarius¹
927 2735 932 2789 Ι
959 2749 992 2775 v.
1024 2748 1058 2776 a.
1081 2735 1198 2776 XXII.

283 2801 539 2836 Constantinus
562 2802 670 2847 (VIII
681 2802 779 2838 7443.
795 2803 878 2837 7444
900 2803 1086 2847 descripsit
1109 2804 1202 2836 idem
1219 2804 1282 2846 qui
1298 2801 1344 2836 N.
1359 2803 1468 2844 5223,
1491 2805 1609 2837 nescio
1626 2814 1732 2847 quam
1750 2803 1872 2848 recte).

167 2875 212 2881 —
238 2858 269 2900 1)
295 2857 522 2893 Cales-varios
543 2859 721 2903 intellegit
735 2859 946 2901 Mommsen‚·
970 2857 1018 2899 cf.
1037 2869 1149 2903 supra
1164 2858 1209 2893 N.
1225 2860 1337 2894 5055:
1359 2858 1502 2902 pugiles
1523 2861 1764 2901 cateruarios,·
1788 2859 1872 2893 Sue-

168 2915 242 2947 ton.
257 2915 427 2957 Aug.45.·
450 2918 622 2959 spectavit
634 2917 892 2950 studiosissime
913 2915 1054 2960 pugiles
1077 2919 1113 2949 et
1127 2918 1283 2949 maxime
1300 2915 1460 2958 Latinos,
1483 2925 1556 2949 non
1572 2915 1751 2959 legitimos
1766 2918 1873 2959 atque

167 2969 373 3005 ordinarios
394 2972 511 3014 modo,
547 2983 634 3016 quos
657 2974 764 3006 eliam
789 2974 1008 3006 committere
1036 2982 1116 3006 eum
1142 2971 1287 3005 Graecis
1316 2971 1465 3014 solebat,
1495 2972 1558 3005 sed
1586 2975 1621 3005 et
1653 2974 1872 3007 cateruarios

168 3026 365 3068 oppidanos
387 3029 484 3062 inter
507 3031 694 3071 angustias
716 3031 858 3063 viarum
879 3032 1082 3073 pugnantes
1106 3032 1232 3061 temere
1256 3031 1291 3061 et
1313 3031 1389 3061 sine
1412 3030 1500 3061 arte.
