2092 3360
0 0 39 51 ΓΞ

595 168 710 205 ‘rituli
732 155 982 215 mancipum.
1008 189 1050 195 -
1077 169 1173 206 Alba
1196 169 1444 206 decurionum
1791 169 1875 209 539

167 281 373 325 recipiendo
399 280 465 326 (cf.
491 281 697 323 Hirschfeld
722 283 839 318 Verw.
850 294 888 327 p.
900 284 971 318 275
987 285 1061 318 nol.
1073 283 1122 328 4),
1147 283 1187 316 id
1210 283 1307 327 quod
1326 282 1466 324 factum
1490 286 1541 317 est
1565 285 1782 328 temporibus
1805 285 1875 318 cir-

168 340 258 373 citer
281 338 535 373 Valentiniani
565 337 631 383 (cf.
661 343 735 374 not.
758 340 814 383 45,
842 342 926 374 ilem
950 342 1024 375 not.
1045 341 1099 383 ὅ).
1134 359 1179 365 -
1217 342 1250 381 1)
1281 339 1449 374 Coloniae
1482 339 1798 384 Thamugadensis.
1830 359 1877 367 —-

168 396 204 437 2)
228 394 313 429 Viri
336 396 538 430 clarissimi.
574 414 621 421 —
656 396 692 441 3)
717 396 813 430 Idem
836 399 887 429 est
908 407 1020 441 supra
1043 396 1092 432 N.
1105 397 1196 432 4237
1220 395 1286 440 (cll
1310 398 1358 431 ib.
1381 400 1452 431 not.
1467 397 1520 442 ὅ).
1571 396 1778 433 Consularis
1800 396 1878 431 Nu-

167 452 301 486 midiae
322 451 399 493 suit
420 453 498 485 sine
521 452 630 485 dubio
654 456 738 486 ante
761 465 794 487 a.
809 453 887 496 347,
911 464 980 497 quo
1006 453 1132 487 consul
1153 453 1363 487 ordinarius
1384 452 1470 494 fuit,
1500 453 1564 486 sed
1584 455 1624 487 in
1647 455 1739 488 vivis
1759 457 1877 498 potest

166 508 282 549 fuisse
304 510 413 543 etiam
438 510 654 552 temporibus
680 510 941 544 Valentiniani.
975 528 1021 535 —
1056 512 1091 552 4)
1115 511 1303 544 Patronus.
1335 528 1378 534 —
1415 511 1448 552 5)
1472 510 1576 544 Hunc
1598 521 1738 555 quoque
1762 514 1797 544 et
1820 522 1879 545 eos

168 566 233 609 qui
254 569 455 608 sequuntur
478 568 630 609 apparet
645 567 825 599 recenseri
848 569 1032 610 tamquam
1053 570 1239 610 patronos,
1263 576 1478 610 quamquam
1502 568 1542 600 in
1557 568 1605 600 iis
1621 569 1790 601 omissum
1810 571 1878 612 ptr.

169 620 343 667 (Momms.
359 622 437 665 eph.
451 623 488 664 ὅ,
503 622 546 656 84
554 635 568 664 ,·
591 622 699 656 aliter
724 621 832 656 Seeck
855 624 895 655 in
912 623 989 666 eph.
1009 623 1178 667 Beitriige
1193 634 1263 656 zur
1279 623 1375 657 alten
1394 622 1514 657 Gesch.
1531 623 1561 664 4,
1574 624 1634 659 464
1635 627 1665 666 ).
1681 643 1728 650 -
1751 625 1784 667 6)
1812 625 1880 658 Hic

168 678 264 712 redit
285 680 382 712 inter
405 679 615 712 decuriones
639 681 680 712 in
702 677 907 722 fragmento
931 680 1060 713 similis
1083 680 1158 714 albi
1183 680 1271 715 VIII
1294 679 1423 714 4790έῖῐ
1446 679 1513 725 (cf.
1537 681 1586 714 ad
1607 680 1652 716 Ν.
1667 676 1810 723 64229.
1834 699 1880 707 —·

169 736 205 777 ’1)
233 735 300 770 Vir
309 734 596 779 perfectissimus
619 737 718 780 (post
728 738 906 779 patronos
922 737 1021 769 viros
1037 737 1255 770 clarissimos
1271 739 1422 781 apparet
1435 739 1614 771 recenseri
1631 741 1808 781 patronos
1829 749 1880 771 se-

169 791 281 826 cundi
295 792 466 837 ordinis).
485 811 526 817 —
554 794 587 834 8)
611 792 762 827 Flamen
776 794 979 835 perpetuus.
1019 793 1116 827 Haec
1131 797 1219 827 nota
1236 804 1310 827 non
1325 795 1446 827 minus
1472 796 1627 837 triginta
1642 806 1707 829 sem
1729 796 1820 828 viris
1839 797 1880 828 in

169 849 236 883 hoc
258 848 340 882 albo
365 849 588 892 adscriptum
612 852 683 891 est‚·
706 859 809 892 quem
833 858 1021 882 numerum
1045 850 1227 894 explicare
1253 853 1442 893 temptavit
1465 850 1659 885 Mommsen
1683 853 1761 896 eph.
1780 853 1816 893 5,
1832 852 1880 885 82

170 904 297 950 (aliter
317 908 352 939 et
375 904 534 946 fortasse
557 908 691 940 rectius
707 904 916 946 Hirschfeld
931 905 1174 949 Sitzungsber.
1191 907 1329 943 Berlin.
1345 908 1463 943 Akad.
1480 909 1569 943 4888
1580 919 1618 952 p.
1633 909 1696 943 864
1713 911 1788 942 not.
1804 907 1882 951 454,

170 961 218 1003 cll
235 962 353 996 Herm.
368 963 425 1003 26,
441 962 521 1005 132,
545 963 709 996 Schmidt
723 974 812 998 mus.
830 963 939 998 Rhen.
953 964 1006 1006 47,
1021 963 1110 997 4892
1122 973 1160 1006 p.
1173 963 1270 1005 426).
1286 983 1331 990 —-
1349 967 1383 1007 9)
1401 965 1648 1000 Sacer-dotales
1659 967 1881 1009 provinciae.

170 1037 214 1043 —
242 1020 296 1061 10)
318 1019 451 1062 Augur
478 1019 609 1062 (infra,
627 1022 713 1063 post
732 1020 930 1064 pontifices,
961 1022 1192 1053 recensentur
1215 1021 1282 1054 alii
1305 1024 1377 1055 tres
1400 1023 1587 1067 augures).
1615 1041 1662 1048 —
1699 1024 1754 1066 11)
1779 1022 1883 1056 Hunc

169 1086 311 1120 quoque
327 1076 519 1110 duovirum
534 1075 649 1116 fuisse
667 1079 777 1119 putat
790 1076 994 1110 Mommsen.
1031 1075 1239 1119 Sequuntur
1259 1078 1387 1112 deinde
1409 1081 1439 1112 ii
1462 1081 1526 1122 qui
1545 1079 1622 1113 solo
1637 1080 1797 1120 flaminis
1819 1090 1882 1113 no-

169 1135 266 1166 mine
289 1135 387 1166 inter
402 1133 613 1167 decuriones
637 1134 847 1167 eminebant.
864 1152 909 1158 -—
936 1134 991 1176 12)
1018 1131 1072 1173 Cf.
1089 1137 1164 1169 not.
1179 1136 1214 1169 8.
1229 1154 1275 1160 —
1302 1137 1356 1177 13)
1381 1136 1588 1169 Eaemuatus
1604 1134 1667 1181 (cfi
1682 1135 1729 1171 N.
1742 1135 1881 1179 64221).

170 1209 214 1215 —
241 1192 299 1234 14)
320 1189 460 1224 Nomen
483 1200 636 1224 erasum.
660 1208 704 1215 —
731 1190 787 1233 15)
809 1189 963 1224 Flavius
978 1191 1174 1234 Aquilinus
1196 1193 1231 1224 et
1252 1192 1434 1225 Antonius
1457 1193 1698 1226 Petronianus
1719 1193 1884 1234 flamines

169 1248 336 1292 perpetui
359 1246 511 1280 redeunt
528 1247 569 1279 in
593 1245 699 1280 tilulo
721 1257 832 1290 supra
848 1245 895 1280 Ν.
909 1248 999 1280 3554
1022 1248 1140 1290 posito
1156 1249 1252 1281 inter
1269 1259 1384 1282 annos
1398 1250 1464 1284 5⁶4
1481 1252 1518 1282 et
1530 1250 1608 1284 367.
1626 1268 1670 1275 —
1697 1250 1752 1291 16)
1771 1249 1882 1283 Plura

171 1304 246 1337 alia
270 1305 418 1338 nomina
441 1305 562 1337 secuta
588 1314 661 1336 esse
682 1305 723 1336 in
742 1314 815 1337 una
838 1303 1048 1346 pluribusve
1072 1303 1206 1337 tabulis
1230 1304 1317 1337 olim
1340 1307 1447 1338 iuoeta
1472 1308 1599 1346 positis
1619 1305 1804 1348 probabile
1821 1308 1883 1339 est.

284 1405 422 1452 61222.ει
473 1406 584 1447 Elius
614 1406 749 1447 Victor
777 1407 931 1447 dumvir
960 1403 1075 1464 e[aec.]

476 1474 661 1516 Sextilius
690 1474 961 1515 Praetextatus
986 1474 1142 1516 dumvir
1171 1488 1205 1516 c.
1228 1506 1236 1514 .
1258 1507 1266 1515 .

480 1542 610 1583 edilici
640 1555 721 1583 non
753 1543 947 1583 excusati:

475 1611 660 1652 Claudius
688 1611 891 1652 Firminus
921 1611 1005 1651 iun.

474 1679 639 1720 Vetilius
668 1679 832 1721 Cresees

475 1747 661 1789 Claudius
690 1744 898 1804 Ticeriu[s]

476 1816 619 1857 Sextus
649 1813 903 1872 Simpliciu[s]

478 1884 634 1924 Annius
663 1884 744 1925 Ure
766 1914 776 1924 .
799 1914 809 1924 .
832 1915 843 1925 .

478 1948 694 2008 Claudiu[s]
726 1981 736 1991 .
759 1982 768 1992 .
793 1982 802 1991 .
824 1981 834 1991 .

287 2019 518 2062 Thamugade
542 2019 648 2060 (VIII
665 2019 701 2052 S.
716 2019 849 2053 47905·
872 2018 963 2051 vidit
981 2017 1149 2061 Cagnat).
1197 2017 1340 2051 Similia
1363 2016 1571 2060 fragmenta
1595 2017 1727 2050 ibidem
1742 2020 1888 2061 reperta

175 2082 261 2112 sunt
283 2078 374 2113 VIII
386 2077 422 2112 S.
439 2074 645 2118 mmm-¹,
671 2086 711 2108 ea
734 2078 916 2118 pertinent
940 2076 1061 2108 omnia
1078 2074 1128 2107 ad
1141 2084 1254 2107 unum
1279 2074 1333 2107 vel
1351 2075 1462 2117 plura
1478 2074 1559 2107 alba
1577 2074 1716 2107 ordinis
1735 2073 1889 2108 Thamu-

173 2135 358 2178 gadensis.
405 2135 523 2168 Possis
546 2133 635 2166 adeo
658 2134 840 2175 suspicari
871 2133 938 2165 hoc
960 2130 1166 2174 fragmento
1192 2133 1401 2164 continuari
1422 2130 1615 2164 secundam
1632 2132 1811 2174 paginam
1834 2132 1889 2164 in-

177 2191 390 2234 scriptionis
412 2200 507 2233 quae
528 2189 724 2233 praecedit.
774 2188 827 2228 cr.
854 2187 1016 2221 Schmidt
1037 2198 1126 2221 mus.
1143 2187 1252 2221 Rhen.
1276 2188 1328 2230 47,
1353 2188 1440 2222 4892
1463 2198 1498 2228 p.
1515 2188 1598 2222 423.

292 2294 440 2341 612210
473 2291 532 2351 [in
546 2289 773 2348 honoremP]
793 2322 803 2332 .
816 2322 825 2332 .
839 2322 849 2332 .
862 2322 871 2332 .
891 2288 1025 2348 [A]ug.
1041 2293 1242 2333 Anxiano¹
1265 2292 1444 2332 adstante
1461 2292 1600 2332 ordine
1620 2289 1627 2347 Ι
1652 2320 1818 2333 ........
1833 2291 1888 2331 ri-

180 2364 268 2415 bus,
306 2363 504 2404 Autonius
532 2359 803 2403 lustinianus²
835 2367 967 2400 rector
1002 2357 1008 2415 1
1044 2357 1284 2417 [provinciae
1312 2356 1486 2415 nomin]a
1517 2367 1595 2400 tam
1626 2360 1889 2400 decurionum

181 2445 300 2485 quam
331 2432 448 2473 etiam
480 2425 804 2485 collegiafftorum
834 2428 1080 2480 colleyiorum
1108 2425 1302 2485 o]mnium
1339 2428 1496 2481 publice
1536 2427 1655 2468 incidi
1690 2428 1889 2480 praecepi,

181 2508 226 2541 ut
250 2498 258 2555 Ι
287 2496 329 2556 [i.
358 2512 389 2540 s.
419 2495 481 2553 s.].

387 2590 571 2602 ......
641 2563 841 2606 [Ilucundus
1087 2563 1269 2597 Faustinus
1468 2561 1615 2596 Salutari
1640 2562 1725 2606 (sic)

390 2644 680 2657 ........
695 2619 836 2653 iscolius
860 2628 936 2652 cum
962 2616 1014 2652 ffi²
1083 2616 1216 2651 Primus
1244 2627 1321 2651 cum
1344 2615 1398 2651 ff.⁸
1465 2616 1532 2651 Leo

560 2703 569 2712 .
641 2702 649 2711 .
664 2701 672 2711 .
691 2703 698 2711 .
717 2701 726 2710 .
744 2676 776 2709 ix
1085 2673 1231 2708 Proculo
1256 2676 1291 2708 et

389 2758 677 2770 ........
693 2733 831 2767 iscolius
1087 2730 1265 2765 Herclanio
1471 2729 1641 2774 Yppasius

526 2791 743 2837 (sequuntur
765 2790 1046 2832 sequebantur-ve
1069 2788 1143 2821 alia
1166 2788 1313 2820 nomina
1337 2787 1551 2830 complura).

299 2849 452 2883 Anxani
468 2848 689 2894 (Lanciano)
715 2849 754 2880 in
770 2843 966 2880 Frentanis
989 2844 1161 2890 (1X2998
1183 2844 1274 2877 vidit
1289 2843 1460 2888 Dressel).
1484 2862 1528 2868 —
1556 2846 1587 2886 1)
1610 2843 1782 2878 Fortasse
1803 2854 1892 2878 scr..-

186 2906 332 2942 Anxani.
356 2924 400 2931 —
426 2907 461 2947 2)
486 2906 583 2939 Idem
605 2915 716 2948 supra
741 2902 787 2938 N.
802 2904 903 2937 5588.
929 2921 972 2927 -
998 2903 1032 2943 3)
1055 2900 1174 2935 Filiis.
