2092 3360
510 167 626 205 Tituli
650 168 901 215 municipales.
919 188 964 196 —
988 168 1199 205 Tusculum.
1229 167 1369 204 Labici.
1397 168 1518 206 Gabii.
1793 168 1876 207 563

276 281 390 329 6213
448 284 602 326 sodales
628 282 634 340 Ι
662 285 771 326 lusus
796 284 804 335 Ι
831 284 1056 326 iuvenalis¹.

277 350 421 394 Romae,
448 350 596 385 Tusculi
619 354 661 385 ut
684 352 827 385 videtur
850 362 926 395 rep.
950 350 1056 396 (XIV
1067 352 1150 386 2640
1176 351 1267 384 vidit
1293 351 1464 395 Henzen).
1487 370 1533 376 -
1560 354 1592 394 1)
1616 352 1757 386 Curator
1782 353 1878 387 lusus

164 408 369 450 [iuvenalis]
394 410 432 442 in
457 411 481 443 t.
501 407 703 442 Tusculano
724 410 845 452 posito
869 419 964 442 anno
986 419 1023 452 p.
1042 408 1121 442 Chr.
1139 407 1186 442 32
1211 408 1268 441 vel
1291 407 1341 442 33
1364 407 1470 452 (XIV
1481 409 1603 454 2592).

279 509 394 556 6214
451 508 584 567 aed[2·t.
613 508 738 568 a]edis
769 509 886 567 Casst.
922 510 928 565 Ι
962 508 1012 567 et]
1046 511 1143 552 Pol.¹
1175 525 1222 552 ex
1254 511 1291 552 d.
1323 513 1381 556 d.:
1409 512 1415 568 Ι
1443 512 1506 552 Μ’.
1540 514 1688 555 Avilius
1725 513 1770 556 ἰ).
1802 515 1844 555 l.²
1870 515 1878 568 Ι

164 578 344 627 stabilio,
372 577 378 632 Ι
405 610 414 620 .
438 609 447 619 .
479 580 643 620 Anicius
674 580 718 620 P.
749 580 774 619 l.
806 610 815 619 .
839 610 848 619 .
873 609 883 619 .
906 609 930 628 .‚
958 579 964 628 Ι
992 610 1001 620 .
1020 610 1029 619 .
1061 579 1204 621 Furius
1237 580 1278 620 P.
1309 580 1335 620 l.
1368 611 1378 620 .
1401 612 1410 621 .
1434 611 1459 628 .‚
1487 578 1493 636 Ι
1521 611 1531 621 .
1549 612 1558 621 .
1592 582 1810 624 Plaetorius
1832 583 1878 623 D.

165 643 249 704 [1.]⁸
280 677 289 687 .
317 678 326 687 .
350 678 374 696 .‚
400 650 407 699 Ι
436 678 446 687 .
467 670 478 686 .
509 647 718 688 Volcacius
746 647 789 688 C.
821 647 863 687 1.⁸
894 677 903 687 .
926 677 936 687 .
960 678 969 688 .
998 645 1004 702 Ι
1031 660 1133 700 mag.
1164 649 1240 688 fac.
1274 661 1380 688 coer.

282 713 428 748 Tusculi
457 714 688 759 (Tomassetti
710 713 858 748 Notizie
880 715 978 758 degli
1000 716 1104 748 soavi
1126 714 1209 748 4904
1233 725 1269 758 p.
1285 715 1384 760 280).
1419 735 1465 741 -
1503 717 1536 759 1)
1559 717 1612 749 De
1636 718 1702 751 hoc
1727 717 1878 760 collegio

167 770 372 805 Tusculano
401 770 452 812 cl'.
476 772 525 805 ad
548 772 693 805 titulum
720 771 962 806 Tusculanum
991 782 1102 815 supra
1127 770 1172 805 N.
1195 773 1288 806 5596
1319 771 1419 816 (nam
1443 774 1538 807 hunc
1568 784 1707 818 quoque
1733 772 1880 807 Tusculi

163 830 345 871 repertum
374 839 447 862 esse
475 839 591 872 nuper
621 830 754 863 rescivi
782 840 829 862 eoe
851 828 991 862 schedis
1023 828 1233 871 quibusdam
1262 828 1534 875 Keller-manni).
1568 849 1614 855 —
1648 832 1684 874 2)
1707 831 1880 865 Fortasse

164 885 224 918 hic
244 887 357 928 periit
379 885 529 929 aliquid.
546 905 591 910 —
618 888 652 926 3)
675 886 820 919 Diversi
843 887 882 919 Ιιι·
905 897 938 918 a·
952 885 1132 919 Plaetorio
1149 884 1396 929 Volcae-ioque
1418 885 1464 921 Ν.
1482 889 1582 923 6206.

278 976 391 1024 6215
450 979 501 1020 Μ.
522 979 763 1020 Tusculanio
791 978 796 1034 Ι
824 979 1034 1020 Amiantho
1071 978 1076 1034 Ι
1111 992 1212 1031 mag.
1245 980 1389 1020 aeditu.
1418 978 1424 1034 Ι
1462 980 1633 1021 Castoris
1662 981 1843 1031 Polluc.¹‚
1869 978 1878 1031 Ι

163 1048 438 1100 Augustalium
468 1048 508 1088 h.
539 1048 594 1095 f.².
622 1046 628 1103 Ι
656 1048 707 1088 Μ.
729 1049 993 1089 Tusculanius
1020 1045 1026 1101 Ι
1052 1048 1103 1088 Μ.
1133 1049 1159 1088 f.
1189 1046 1195 1101 Ι
1222 1049 1422 1102 Receptus
1448 1047 1454 1104 Ι
1482 1049 1607 1089 fratri.

282 1113 431 1148 Tusculi
466 1114 574 1155 (XIV
590 1116 683 1150 2657
712 1116 883 1149 viderunt
907 1115 951 1148 de
970 1114 1074 1149 Ποσει·
1097 1114 1260 1160 aliique).
1294 1135 1340 1140 —
1378 1117 1411 1158 1)
1441 1115 1618 1159 Magistro
1651 1117 1881 1150 aedituorum

166 1171 325 1205 Castoris
349 1171 514 1205 Pollucis.
562 1171 616 1212 Cf.
642 1172 691 1205 ad
713 1171 757 1206 Ν.
774 1173 862 1207 6244
885 1177 958 1207 not.
975 1173 1007 1207 4.
1035 1191 1081 1197 —
1106 1174 1140 1214 2)
1164 1172 1426 1215 Augustalium
1451 1173 1586 1206 honore
1604 1172 1742 1213 functo.

277 1263 393 1310 6216
451 1265 515 1306 Μ’.
547 1265 721 1306 Fictorio
752 1265 817 1306 M'.
847 1266 873 1306 l.
901 1264 906 1320 Ι
935 1266 1179 1320 Synhistori‚
1221 1278 1305 1306 cur.
1338 1268 1344 1317 Ι
1379 1267 1577 1307 aedituom
1610 1268 1781 1309 Castoris
1808 1267 1814 1321 Ι
1841 1274 1882 1307 et

164 1334 336 1375 Pollucis
363 1331 370 1387 Ι
394 1333 501 1383 XVI,
530 1332 536 1388 Ι
562 1334 706 1375 aeditui
733 1331 741 1388 Ι
769 1334 941 1375 Castoris
970 1340 1010 1374 et
1038 1334 1211 1375 Pollucis
1238 1332 1243 1389 Ι
1271 1342 1362 1387 post
1390 1342 1557 1376 mortem
1587 1334 1592 1390 Ι
1619 1337 1657 1376 h.
1689 1337 1739 1377 c.¹

277 1400 410 1435 Romae
439 1400 511 1445 (VI
530 1402 638 1436 2202.
670 1400 757 1436 XIV
778 1402 871 1436 2629
903 1405 957 1434 ter
982 1404 1168 1444 quatem-ve
1198 1402 1383 1446 descripta
1412 1414 1506 1437 saec.
1528 1402 1805 1447 XVII—XIX).
1835 1422 1882 1429 —

167 1459 200 1501 1)
225 1458 382 1492 Honoris
405 1468 526 1493 causa.

279 1516 380 1549 Alios
404 1515 528 1548 titulos
555 1514 777 1549 Tusculanos
800 1517 954 1559 agrique
981 1514 1178 1549 Tusculani
1199 1516 1284 1550 dedi
1308 1526 1420 1559 supra
1443 1516 1489 1551 N.
1512 1517 1563 1551 47.
1589 1518 1668 1551 455.
1695 1518 1775 1551 865.
1802 1519 1880 1552 902.

163 1574 245 1608 952.
267 1574 343 1607 957.
366 1574 444 1607 965.
473 1573 570 1607 4045.
594 1573 691 1607 4060.
714 1573 810 1607 4075.
835 1573 931 1608 4456.
955 1572 1051 1607 4494.
1073 1573 1170 1607 4579.
1199 1574 1298 1608 5066.
1323 1573 1426 1608 5442.
1449 1574 1554 1608 5452.
1577 1574 1681 1608 5588.
1705 1575 1797 1609 5596
1823 1574 1883 1618 (de

166 1631 233 1664 boc
256 1629 303 1665 N.
317 1629 405 1664 6244
423 1631 498 1663 not.
511 1629 560 1674 4).
614 1628 668 1669 Cs'.
693 1631 802 1663 etiam
825 1629 871 1664 N.
887 1631 985 1664 4980.
998 1630 1239 1669 ..ww—5018.

278 1767 394 1816 6217
451 1770 488 1809 d.
509 1781 561 1809 m.
589 1767 595 1824 Ι
622 1769 835 1809 Parthenio
867 1770 1018 1810 arcario
1046 1769 1052 1821 Ι
1078 1769 1136 1810 rei
1165 1768 1348 1822 publicae
1376 1767 1381 1823 Ι
1409 1769 1694 1810 Lavicanorum
1720 1769 1727 1824 Ι
1755 1771 1882 1818 Quin-

164 1839 427 1880 mensium&

279 1905 323 1938 In
347 1904 454 1938 Latio
477 1906 575 1938 inter·
599 1905 731 1948 oppida
750 1903 805 1937 La
825 1903 982 1938 Colonna
1007 1907 1041 1936 et
1064 1903 1184 1937 Monte
1203 1903 1398 1947 compatri,
1423 1905 1466 1937 ab
1491 1905 1554 1938 illo
1579 1907 1724 1938 circiter
1746 1906 1769 1939 2
1788 1906 1883 1948 οΙιίΙ.,

167 1963 217 1996 ad
239 1965 392 1996 veterem
415 1963 457 1994 ut
479 1961 623 1994 videtur
645 1962 742 1993 viam
758 1961 982 1994 Labicanum
1007 1959 1115 2004 (XIV
1122 1960 1211 1994 2770
1227 1959 1331 2005 vide).
1356 1979 1400 1985 —
1427 1962 1460 2003 1)
1483 1961 1542 1994 Ad
1558 1961 1759 2003 Quintanas
1782 1972 1883 1995 man-

166 2022 221 2053 sio
245 2021 328 2052 viae
352 2018 555 2052 Labicanae
586 2019 809 2050 memoratur
837 2018 878 2050 in
904 2017 1025 2050 tabula
1049 2018 1316 2060 Peutingerana
1348 2020 1383 2050 et
1405 2019 1600 2051 itinerario
1622 2019 1883 2054 Antoniniano.

169 2076 274 2119 Quod
295 2085 435 2116 nomen,
459 2074 606 2107 ductum
629 2076 672 2106 ut
695 2073 839 2107 videtur
862 2084 884 2106 a
906 2074 1058 2117 praedio
1078 2074 1224 2117 privato
1253 2074 1386 2117 aliquo,
1411 2077 1528 2108 aetate
1553 2076 1692 2109 labente
1716 2075 1765 2109 ad
1784 2077 1884 2119 ipsos

168 2133 322 2167 Labicos
351 2134 502 2175 apparet
533 2131 732 2164 transiisse.
779 2129 898 2164 Situm
920 2131 1040 2173 ipsum
1070 2131 1194 2174 oppidi
1216 2130 1347 2164 Labici
1376 2134 1594 2165 monstravit
1623 2131 1750 2165 titulus
1779 2143 1884 2176 quem

168 2189 395 2224 Maximiano
427 2188 563 2222 dicavit
593 2186 676 2221 ordo
708 2186 866 2222 Labican.
890 2186 928 2227 Q.
954 2186 1011 2228 Q„
1046 2197 1160 2231 nuper
1188 2190 1351 2230 repertus
1383 2189 1423 2221 in
1455 2190 1560 2222 vinea
1584 2189 1748 2232 Mor-etti,
1781 2201 1884 2234 quem

170 2247 284 2281 edidit
311 2245 521 2280 Tomassetti
542 2244 640 2279 Bull.
666 2243 851 2278 comunale
874 2244 960 2278 4899
979 2255 1015 2287 p.
1029 2244 1111 2286 289,
1133 2243 1279 2278 Notizie
1305 2244 1406 2287 degli
1426 2248 1527 2279 scam·
1549 2245 1633 2280 4900
1655 2257 1691 2290 p.
1713 2247 1768 2281 54.

284 2406 400 2453 6218
459 2405 626 2458 Agusiae
657 2405 703 2445 Τ.
734 2407 760 2445 f.
791 2405 992 2446 Priscillae
1024 2405 1031 2460 Ι
1065 2407 1258 2447 sacerdoti
1291 2406 1382 2460 Spei
1419 2413 1459 2447 et
1488 2407 1632 2447 Salutis
1661 2409 1760 2460 Aug.
1794 2406 1800 2461 Ι
1836 2421 1884 2448 ex

172 2477 210 2518 d.
240 2477 278 2518 d.
318 2475 461 2517 Gabini
500 2480 668 2515 statuam
710 2472 868 2526 publice
897 2471 1136 2529 polnendam
1175 2482 1436 2524 curaverunt,
1476 2476 1604 2527 quod,
1643 2483 1734 2528 post
1771 2474 1778 2531 Ι
1820 2476 1884 2516 in-

171 2558 317 2599 pensas
347 2543 528 2596 exemplo
560 2541 787 2582 inlustrium
817 2542 997 2582 seminar.
1033 2540 1039 2597 Ι
1073 2544 1192 2584 factas
1223 2543 1275 2583 ob
1306 2544 1592 2591 sacerdotium,
1632 2543 1747 2583 etiam
1783 2557 1885 2598 opus

172 2613 314 2667 portic.
349 2611 356 2665 Ι
390 2611 485 2664 Spei
523 2616 715 2651 vetustate
753 2617 934 2650 vexatum
974 2612 1142 2664 pecunia
1180 2624 1249 2652 sua
1291 2608 1540 2666 refectulram
1578 2623 1619 2651 se
1655 2612 1885 2664 promiserit

172 2681 336 2735 populo,
367 2692 471 2727 cum,
501 2691 575 2732 pro
603 2681 609 2730 Ι
636 2678 762 2719 salute
792 2678 983 2731 principis
1003 2679 1196 2719 Antonini
1218 2681 1319 2731 Aug.
1341 2679 1399 2719 Pii
1426 2677 1432 2733 Ι
1459 2679 1582 2732 patris
1606 2679 1753 2732 patriae
1783 2680 1884 2720 libe-

173 2759 390 2800 rorumque
421 2747 518 2796 cius,
555 2746 560 2801 Ι
597 2747 740 2787 eximio
772 2746 955 2786 ludorum
985 2748 1211 2800 spectaculo
1242 2747 1359 2793 edito.
1395 2746 1400 2801 Ι
1437 2746 1639 2799 religioni,
1675 2755 1780 2788 veste
1813 2748 1884 2788 do-

175 2824 267 2858 nata
294 2814 300 2869 Ι
328 2815 532 2864 universis,
563 2815 657 2855 satis
687 2814 837 2854 lecerit.
873 2811 879 2867 Ι
914 2813 1033 2855 Cuius
1061 2821 1212 2856 statuae
1242 2815 1398 2854 honore
1429 2820 1616 2854 contenta
1643 2814 1650 2868 Ι
1676 2815 1885 2868 inpensam

175 2885 325 2938 populo
355 2883 585 2924 remiserit¹.
614 2881 619 2935 Ι
647 2883 692 2923 L.
722 2882 758 2922 d.
790 2882 828 2923 d.
859 2883 896 2922 d.
924 2881 931 2936 Ι

288 2948 372 2993 Rep.
396 2961 430 2984 a.
446 2949 532 2984 4792
557 2950 606 2983 ad
628 2951 724 2982 viam
748 2950 1016 2982 Praenestinam
1038 2948 1108 2982 XII
1130 2947 1208 2988 fere
1230 2959 1277 2982 m.
1298 2959 1335 2992 p.
1361 2949 1405 2981 ab
1430 2949 1519 2981 urbe
1541 2947 1669 2991 Roma,
1698 2959 1772 2982 una
1804 2958 1886 2982 cum

174 3006 298 3040 nullis
314 3006 399 3039 aliis
421 3006 718 3049 inscriptionibus
736 3005 893 3048 Gabinis,
916 3007 1018 3038 extat
1033 3004 1164 3038 Romae
1180 3006 1219 3038 in
1236 3005 1322 3039 villa
1340 3004 1538 3047 Bor-gnesin
1564 3003 1673 3047 (XIV
1680 3005 1769 3039 2804
1793 3006 1887 3039 vidit

177 3063 348 3103 Hsnzen).
371 3081 417 3087 --
450 3065 482 3101 1)
506 3062 584 3097 Ser.
609 3061 749 3097 remisit.

1538 3140 1608 3175 36*
