2092 3360
5 75 41 196 ἔ

0 212 13 245 ’ἱ

434 174 549 212 Tituli
572 174 671 212 sacri
693 176 731 211 et
754 173 997 211 sacerdotum.
1024 195 1066 200 —
1092 174 1155 211 Sol
1177 175 1335 213 invictus
1360 174 1528 212 Mithrae.
1757 176 1838 214 155

238 288 354 336 4207
400 291 552 332 dicatus
573 291 602 330 V
624 290 676 330 id.
708 289 818 343 Sept.
840 290 1045 331 Antonino
1075 291 1174 343 Aug.
1199 290 1232 330 11
1265 297 1303 331 et
1333 290 1546 331 Sacerdote
1568 290 1603 330 11
1634 291 1731 331 cos.¹
1758 289 1764 345 Ι
1792 291 1838 331 Ν.

124 372 156 400 s.
188 359 227 400 S.
257 360 282 399 i.
313 359 383 400 M.¹
419 359 498 400 duo
524 356 531 414 Ι
558 358 668 400 Gessi
700 358 837 399 Castus
864 356 870 413 Ι
897 365 937 398 et
967 358 1138 399 Severus
1172 357 1439 414 simullacrum
1470 356 1717 413 exoa-nahum
1747 365 1839 399 voto

125 424 373 483 posiderunt,
400 424 407 483 Ι
434 427 672 480 prosedente
697 425 704 481 Ι
732 426 773 468 C.
795 427 1006 479 Propertio
1028 427 1234 480 Augurino
1265 427 1434 469 sacerd.³

242 494 384 528 Sentini
399 496 439 528 in
458 493 602 530 Umbria
625 504 702 537 rep.
725 504 800 527 una
818 505 897 528 cum
913 493 958 528 N.
971 494 1060 528 4213
1078 494 1147 538 (XI
1158 496 1248 530 575⁶
1266 495 1357 528 vidit
1372 494 1585 539 Bormann).
1599 513 1644 520 —
1669 495 1701 536 1)
1718 494 1760 528 A.
1773 493 1841 528 219

126 549 300 596 (ceterum
318 550 501 584 consutum
516 551 664 584 nomina
682 551 756 584 alia
772 561 883 584 manu
899 554 1015 584 ineisa
1033 562 1105 584 esse
1121 562 1164 585 ae
1179 552 1333 595 reliqua,
1355 551 1512 592 fortasse
1528 552 1739 595 antiquiora
1758 562 1840 593 ene,

124 609 181 641 ait
194 607 405 650 Burmann).
417 625 464 632 —
486 607 520 648 2)
537 605 690 640 Numini
704 611 829 641 saneto
847 608 940 642 Solis
956 609 1086 640 invicti
1100 606 1266 642 Mithrae.
1277 627 1324 632 -
1343 609 1377 650 3)
1399 608 1568 642 Fortasse
1582 611 1690 651 pater
1707 607 1742 643 C.
1759 609 1842 641 Pro-

123 666 238 708 pertii
251 663 454 705 stosuturi,
472 666 535 706 qui
551 666 648 697 circa
665 675 800 698 annum
815 665 883 699 260
900 664 1041 698 Semini
1056 666 1170 697 sacris
1182 664 1386 698 Mithriacis
1399 658 1641 707 ‘prosedebat'
1653 663 1841 708 (Ν.421ὄ).

238 743 356 790 4208
403 745 567 793 Invicto,
604 744 609 800 Ι
643 747 881 799 prosedente
908 746 914 799 Ι
949 747 1062 787 Sevio
1094 746 1295 797 Facundo,
1324 746 1330 796 Ι
1366 744 1502 785 Umbri
1530 742 1537 800 Ι
1563 745 1733 786 Rufinus
1763 751 1803 785 et
1833 745 1840 794 Ι

126 814 369 855 Aemilianus
396 812 403 867 Ι
429 814 578 856 leones.

241 881 385 915 Sontini
408 882 448 913 in
475 880 620 916 Umbria
644 891 719 924 rep.
745 880 815 926 (XI
833 881 924 915 5755
949 881 1042 914 vidit
1064 880 1280 924 Bormann).

239 960 354 1007 42⁰9
395 962 509 1015 ponit
529 960 691 1017 lnlvicto
720 962 795 1002 deo
821 959 828 1011 Ι
853 962 999 1015 austo¹,
1030 957 1158 1015 poluit
1186 959 1372 1017 lebienls²
1401 961 1574 1010 Fronto;
1602 958 1608 1015 Ι
1636 972 1743 1000 aram
1775 959 1841 999 ln-

126 1032 228 1072 victo
250 1032 323 1071 deo
346 1028 491 1085 ειιιΙεῑοι
513 1029 574 1070 F.⁸
594 1026 760 1084 levenls²
785 1030 912 1082 ponit,
942 1027 1191 1086 prelsedente
1214 1027 1377 1085 paltrem
1398 1027 1630 1084 petraltum⁴
1659 1024 1841 1082 leonelm.

231 1099 273 1131 In
285 1098 459 1131 Astur-iae
475 1099 552 1131 vico
570 1096 653 1140 Isia,
670 1107 767 1130 nunc
783 1096 898 1129 Ovieti
910 1096 1078 1136 (112705.
1096 1098 1135 1131 1!
1149 1097 1185 1131 S.
1196 1097 1289 1132 5728
1305 1097 1471 1129 Huebner
1485 1095 1580 1128 vidit
1595 1093 1844 1139 ectypum).—

129 1156 160 1196 1)
185 1155 376 1197 Augusto?
400 1153 517 1198 (Mo.).
552 1171 599 1178 —
635 1155 668 1196 2)
692 1152 832 1187 Libens.
859 1172 900 1177 —
930 1154 964 1196 3)
990 1154 1129 1188 Littera
1154 1156 1293 1187 incerta
1318 1153 1534 1194 (Frontonis
1557 1162 1687 1186 nomen
1711 1154 1843 1184 iterum

126 1212 287 1245 indicari
322 1214 429 1255 putat
464 1209 587 1254 aaa).
629 1229 675 1234 -
714 1211 749 1252 4)
785 1210 890 1243 Alius
922 1214 1026 1253 pater
1059 1214 1228 1254 patratus
1268 1212 1306 1243 in
1342 1210 1520 1252 religione
1554 1209 1749 1242 Mithriaca
1793 1210 1844 1240 est

126 1267 228 1308 infra
252 1267 298 1303 N.
313 1268 424 1309 4224,·
453 1267 596 1300 videtur
619 1277 692 1300 non
717 1267 879 1300 diversus
903 1278 975 1300 esse
994 1271 1104 1311 pater
1125 1271 1272 1311 patrum
1296 1267 1341 1301 Ν.
1358 1266 1458 1301 4213.
1481 1267 1583 1300 4263.
1607 1266 1710 1299 4267·
1724 1268 1787 1299 cet.

240 1346 355 1393 4210
407 1349 481 1388 deo
526 1355 665 1388 sancto
706 1348 790 1395 M.¹‚
836 1348 1025 1389 sacratis²
1071 1349 1109 1388 d.
1149 1348 1204 1401 p.³
1248 1348 1428 1388 Placidus
1468 1347 1721 1387 Marcellinus
1767 1346 1842 1394 leo,

127 1417 336 1465 antistites,
368 1422 407 1456 et
437 1416 594 1457 Guntha
626 1417 687 1456 leo
719 1420 892 1464 (Mithrae
916 1423 1063 1454 tam-um
1086 1421 1304 1463 immolans).

241 1483 373 1518 Romae
395 1494 470 1527 rep.
495 1485 535 1516 in
560 1483 705 1517 Subura
731 1483 803 1527 (VI
823 1483 890 1518 757
913 1484 1007 1517 vidit
1030 1484 1177 1524 Brunn
1201 1485 1324 1526 imago
1348 1485 1400 1516 est
1423 1492 1507 1516 ann.
1533 1483 1616 1515 inst.
1641 1482 1741 1515 arch.
1759 1480 1843 1514 1864

127 1542 197 1575 tab.
214 1539 260 1581 N,
286 1550 392 1584 qaam
408 1542 577 1583 repetivit
593 1540 745 1574 Cumont
759 1539 930 1585 myster-es
947 1541 989 1573 de
1006 1540 1141 1573 Mithra
1158 1540 1197 1573 II
1208 1551 1243 1583 p.
1258 1540 1322 1574 198
1337 1539 1401 1583 fig.
1413 1539 1488 1584 24).
1506 1558 1550 1564 -
1577 1540 1608 1577 1)
1635 1524 1686 1580 Μ,
1724 1539 1757 1579 2)
1773 1539 1845 1571 SA-

127 1599 325 1632 cnm-uls
343 1597 493 1641 (titteris
507 1599 532 1631 Η
552 1600 586 1630 et
604 1599 613 1632 1
633 1597 870 1642 contignatis)
888 1598 1032 1630 videtur
1043 1607 1116 1630 esse
1127 1598 1167 1629 in
1179 1597 1310 1639 lapide.
1335 1597 1517 1639 Intellege,
1532 1595 1676 1639 signum
1689 1576 1845 1628 Mithrae

125 1657 281 1692 sacratis
305 1655 522 1695 (cultoribus
546 1654 703 1688 Mithrae
727 1653 774 1694 el:
799 1654 846 1690 Ν.
870 1654 970 1688 4211.
989 1655 1090 1688 4262.
1114 1652 1207 1688 XIV
1214 1654 1283 1688 286
1296 1656 1377 1696 cet.)
1410 1653 1503 1687 dono
1528 1653 1653 1686 datum
1678 1663 1749 1684 esse
1774 1649 1841 1694 (cf.

108 1711 173 1752 ,Ν.
187 1711 406 1746 4217..4264.
430 1711 516 1746 4361
531 1714 623 1752 cet).
647 1730 694 1736 —-
719 1713 753 1752 3)
777 1711 920 1745 Donum
943 1714 1153 1753 posuerunt.

239 1779 351 1826 4211
398 1781 472 1822 deo
494 1781 577 1821 Soli
607 1782 754 1822 invicto
781 1780 787 1836 Ι
815 1782 976 1835 Mytrae‚
1008 1781 1100 1821 felix
1121 1781 1298 1830 Messala,
1326 1778 1331 1835 Ι
1359 1793 1450 1820 cum
1482 1792 1621 1820 omnes
1651 1785 1841 1826 sacratos,

129 1846 312 1904 Catelllus
341 1855 382 1889 et
411 1850 558 1890 Dianus
588 1856 823 1902 posuerunt.

242 1915 377 1949 Romae
402 1915 474 1959 (VI
492 1916 559 1950 730
582 1916 677 1949 vidit
700 1916 872 1958 Henzen).

242 1995 358 2042 4212
407 1994 669 2051 C.Vale1i1us
705 1996 891 2036 Heracles
927 1997 1020 2049 pat.¹
1058 1994 1064 2051 Ι
1099 2003 1139 2036 et
1180 1996 1221 2036 C.
1252 1995 1393 2035 Valerii
1427 1993 1596 2050 {vitalis
1634 2000 1672 2034 et
1710 1992 1842 2048 Nico}-

128 2079 212 2107 mes
242 2069 326 2114 (sic)
357 2061 595 2119 sacerdoltes
633 2076 664 2104 s.
696 2076 735 2116 p.
767 2076 802 2103 c.
834 2076 872 2116 p.
904 2076 935 2104 s.
966 2064 1018 2104 r.²
1051 2063 1057 2118 Ι
1091 2064 1135 2104 D.
1167 2065 1204 2104 d.
1237 2063 1302 2103 idi.
1335 2063 1434 2115 Aug.
1466 2062 1560 2115 imp.
1587 2062 1731 2137 [Corn.
1759 2062 1843 2118 'vl

130 2141 169 2175 et
194 2131 200 2189 Ι
228 2131 484 2189 Septilmiano
511 2131 518 2186 Ι
545 2131 643 2173 cos.⁸

247 2201 366 2234 Ostiae
394 2210 488 2242 rep.,
519 2201 559 2232 in
590 2199 669 2231 basi
696 2201 839 2231 statuae
866 2208 1089 2231 marmoreae
1121 2199 1179 2232 dei
1209 2199 1364 2232 Mithrae
1393 2198 1498 2231 vultu
1528 2198 1657 2239 teonis,
1687 2197 1779 2231 alati
1809 2199 1844 2229 et

128 2259 351 2301 serpentibus
367 2258 487 2299 cincti,
512 2256 640 2289 clavim
655 2257 810 2298 utraque
832 2265 942 2288 manu
966 2256 1118 2288 tenentis
1143 2254 1250 2300 (XIV
1256 2257 1300 2290 65
1316 2255 1413 2299 vidi;
1435 2256 1632 2297 imaginem
1651 2257 1736 2296 post
1751 2254 1843 2287 alios

131 2315 229 2348 dedit
253 2314 404 2348 Cumont
427 2323 582 2346 monum.
608 2312 710 2346 relat.
735 2322 812 2346 aux
834 2314 939 2357 myst.
964 2312 1007 2345 de
1029 2312 1166 2346 Mithra
1183 2312 1222 2346 II
1236 2322 1275 2355 p.
1288 2313 1361 2347 258
1375 2311 1438 2354 fig.
1454 2313 1525 2353 68).
1542 2330 1588 2336 -—
1615 2312 1647 2354 1)
1671 2311 1768 2344 Idem
1791 2314 1844 2344 est

129 2370 233 2412 infra
257 2369 304 2405 N.
319 2371 421 2405 4227.
446 2370 548 2404 4228.
573 2388 619 2393 -
648 2370 682 2411 2)
707 2367 782 2402 Sua
804 2369 958 2411 pecunia
981 2371 1189 2412 posuerunt.
1214 2388 1260 2393 —
1284 2370 1319 2412 3)
1342 2370 1388 2403 15
1404 2369 1498 2411 Aug.
1516 2368 1590 2402 190.

244 2450 360 2497 4213
410 2463 594 2505 (protome
618 2460 676 2493 dei
692 2459 788 2493 Solis
810 2460 954 2492 radiata
963 2468 977 2503 ,·
1002 2461 1085 2493 hinc
1106 2463 1244 2503 patera,
1269 2461 1372 2494 illinc
1394 2459 1583 2501 secespita)
1610 2449 1697 2492 Sex.
1723 2449 1842 2489 Pom-

131 2521 222 2575 peio
253 2521 342 2561 Sex.
372 2520 423 2563 fil.
454 2516 461 2573 Ι
494 2519 663 2559 Maximo
690 2515 696 2572 Ι
731 2517 924 2558 sacerdoti
955 2517 1058 2558 Solis
1093 2516 1238 2574 inlvicti
1270 2518 1350 2567 MA,
1391 2518 1492 2571 patri
1522 2523 1698 2570 patrum,
1731 2515 1740 2571 Ι
1775 2529 1841 2570 qq.

131 2602 243 2642 corp.
273 2588 444 2647 treiect.²
479 2585 775 2643 togaltensium,
815 2583 1051 2641 secerdoltes
1080 2586 1184 2628 Solis
1213 2587 1347 2627 invicti
1378 2586 1445 2628 M.¹
1473 2584 1480 2639 Ι
1514 2585 1566 2626 ob
1597 2597 1773 2626 amorem
1804 2591 1844 2626 et

131 2656 283 2711 merilta
312 2657 398 2697 eius
426 2668 584 2709 semper
612 2653 773 2709 halbet.³

256 2722 388 2757 Romae
419 2722 518 2766 apud
543 2721 797 2755 'Alexandrum
830 2719 1022 2754 Castellani
1052 2723 1297 2764 negotiantem
1330 2722 1597 2764 antiquarium,
1628 2720 1691 2753 sed
1723 2719 1843 2753 Ostiae

131 2783 209 2815 eine
238 2780 346 2814 dubio
376 2790 450 2823 rep.
482 2777 548 2823 (cf.
572 2781 647 2812 not.
670 2777 724 2822 2),
761 2777 882 2810 tabula
914 2787 1042 2817 aenea,
1078 2778 1152 2809 iam
1181 2778 1222 2809 in
1251 2787 1372 2810 museo
1402 2777 1620 2810 Britannico
1654 2775 1754 2819 (XIV
1776 2777 1844 2810 405

130 2836 245 2882 p.482
268 2836 438 2870 viderunt
459 2836 602 2869 Henzen
627 2838 660 2867 et
683 2834 904 2878 Mommsen).
929 2853 971 2858 -
1000 2836 1032 2875 1)
1057 2833 1212 2867 Mithrae
1235 2834 1254 2873 (
1266 2826 1306 2875 Μ
1331 2832 1388 2865 vel
1410 2827 1456 2877 ᾖ
1481 2835 1581 2874 aes).
1604 2851 1649 2857 —
1674 2834 1707 2874 2)
1733 2831 1844 2874 Quin·

134 2893 305 2938 quennali
329 2895 492 2936 eorporis
516 2893 684 2925 treiectus
710 2894 794 2926 cet..·
832 2891 950 2924 Ostiae
972 2889 1048 2931 s'uit
1071 2900 1201 2933 eorpus
1224 2889 1558 2922 lenunculariorum
1582 2890 1749 2921 treiectus
1772 2887 1843 2921 Lu-

134 2951 222 2985 euni
237 2949 344 2995 (XIV
353 2951 418 2984 409
434 2947 482 2989 cl'.
498 2948 596 2993 254),
619 2949 705 2981 item
728 2951 769 2981 ut
790 2947 934 2981 videtur
958 2957 1089 2990 corpus
1113 2947 1278 2979 treiectus
1300 2947 1624 2978 marmor-ariorum
1641 2943 1750 2988 (XIV
1756 2944 1842 2990 425)

134 3010 170 3040 et
196 3006 353 3048 fortasse
382 3007 457 3040 alia
487 3006 616 3039 similis
645 3005 949 3038 denominationis
978 3004 1130 3045 collegia
1162 3001 1226 3046 (cll
1250 3000 1338 3035 XIV
1357 3000 1450 3046 451),
1484 3001 1579 3035 unde
1609 3002 1675 3034 hoc
1705 3011 1844 3044 quoque

135 3073 264 3105 eorpus
290 3063 448 3097 Ostiense
471 3061 584 3101 fuisse
607 3062 805 3098 putandum
831 3064 891 3093 est.
916 3080 961 3086 —
991 3061 1024 3094 3)
1049 3058 1130 3092 Non
1152 3057 1386 3100 intellegitur.
