2092 3360
258 171 374 209 Tituli
396 171 623 218 pertinentes
647 172 696 208 ad
718 171 836 208 ludos.
857 192 895 197 —
923 171 1191 218 symphoniaci.
1224 171 1437 208 Saltatores.
1463 171 1717 208 Emboliariae.
1813 171 1893 210 331

295 286 428 321 Romae
454 286 526 329 (VI
544 286 653 321 40427
676 287 769 321 vidit
792 287 965 331 Henzen).
989 306 1035 311 —
1064 290 1095 328 1)
1120 287 1310 320 Iudicatur
1333 288 1449 330 origo.
1474 305 1520 311 --
1543 287 1577 328 2)
1604 285 1659 326 Cf.
1685 286 1776 320 Plin.
1802 287 1836 320 Ιι.
1859 297 1895 321 n.

179 344 212 385 7,
226 343 293 378 458
311 344 455 378 Galeria
475 343 622 388 Copiola
647 343 861 378 emboliaria
886 344 1037 378 reducta
1062 347 1114 377 est
1137 346 1176 377 in
1199 354 1364 377 scaenam
1382 347 1444 378 etc.
1484 343 1555 377 Cic.
1569 353 1638 387 pro
1656 342 1810 384 sese-¹54,
1823 343 1896 384 446,

180 401 230 434 ad
256 400 295 443 Q.
321 399 350 440 f.
372 401 409 442 ὅ,
432 401 464 443 4,
484 401 516 442 7,
539 402 595 435 24.
643 402 819 444 Pompeiis
842 403 882 434 in
902 402 1045 444 pariete
1076 400 1246 434 basilicae
1279 400 1416 434 dicitur
1443 402 1619 444 scriptum
1642 398 1776 440 fuisse:
1806 399 1895 445 Oppi

182 456 380 500 embolim-i,
405 457 469 500 sur,
495 457 672 492 furuncule
698 456 774 502 (IV
790 458 903 499 4949).
928 476 972 482 -
998 460 1030 500 3)
1056 457 1178 499 Vivus,
1216 459 1250 499 4)
1275 458 1369 491 viva.

298 559 412 607 5263
461 561 594 614 Sophe
620 558 627 617 Ι
654 558 1101 616 ΤὴεοτοὴεΙῑίιγΙΙίθηε“,
1129 558 1134 616 Ι
1161 560 1351 601 arbitrix²
1375 560 1382 614 Ι
1408 558 1668 615 ἰηιδοίἰεΙωιῃ
1680 560 1703 605 ⁸.

299 629 432 664 Romae
455 639 541 672 rep„
566 631 698 662 tessera
723 639 821 662 ossea
847 628 918 669 (VI
939 628 1050 662 40428
1073 628 1166 662 vidit
1189 628 1231 661 de
1246 627 1377 670 Ros-si).
1401 647 1445 652 —
1482 629 1513 670 1)
1542 627 1899 674 Theorobatkylliani

182 689 381 731 potuerunt
405 686 478 720 dici
502 686 656 719 asseclae
685 685 816 719 Theori
838 689 874 719 et
897 685 1061 730 Bathylli
1079 686 1386 728 pantomimorum
1415 683 1631 728 (Theoriani
1653 688 1898 719 memorantur

182 747 222 777 in
247 744 402 777 disticho
425 743 632 786 scariphata
657 745 695 776 in
716 745 856 786 pariete
881 743 1052 776 basilicae
1067 743 1316 784 Pompeianae,
1340 740 1398 774 IV
1407 741 1492 775 4894
1510 757 1554 769 =
1571 742 1766 775 Buecheler
1789 752 1898 776 carm.

184 802 299 844 epigr.
316 800 414 844 926).
451 799 506 833 De
525 798 663 833 Theoro
687 799 736 839 cs.
760 810 871 843 supra
894 798 940 833 lv.
954 799 1063 840 5197‚-
1085 799 1128 832 de
1145 797 1315 842 Bathyllo
1337 797 1418 832 Tac.
1435 809 1468 831 a.
1484 798 1515 838 4,
1530 799 1592 839 54,
1618 799 1688 832 Dio
1703 800 1760 842 54,
1776 799 1816 832 47
1833 801 1897 835 cet.

184 876 228 882 —
253 858 286 900 2)
310 857 482 891 Fortasse
505 857 599 890 idem
622 856 721 900 quod
742 857 893 891 arbitra.
917 875 963 881 —
993 857 1027 898 3)
1050 855 1311 889 Emboliarum.

299 947 415 995 5264
530 949 567 990 d.
598 962 652 989 m.

466 1018 673 1058 immatura
703 1017 816 1070 quies
846 1028 946 1065 quos
975 1015 1136 1070 apstulit
1166 1015 1230 1055 hic
1260 1015 1324 1056 siti
1353 1022 1449 1056 sunt
1478 1021 1573 1063 tres,

515 1091 641 1126 mater
670 1097 761 1126 cum
790 1085 918 1138 parvis
949 1083 1186 1137 pignoribus
1216 1083 1394 1136 geminis.

466 1154 589 1195 Pollia
619 1153 834 1194 Saturnina
864 1165 1010 1206 parens
1039 1152 1202 1205 triginta
1234 1164 1307 1205 per
1337 1164 1465 1192 annos

515 1222 609 1262 vixit
638 1228 678 1262 et
707 1221 849 1262 enituit
880 1221 994 1262 docta
1024 1233 1167 1262 sonare
1198 1220 1312 1260 mele.

427 1297 448 1331 5
468 1289 567 1331 Octo
598 1302 700 1343 puer
729 1289 868 1338 Titius,
900 1289 1034 1342 proles
1063 1290 1142 1330 cito
1173 1295 1297 1341 rapta,
1329 1288 1549 1341 Philippus,

516 1364 555 1399 et
585 1358 696 1398 fratri
727 1364 866 1398 tenero
897 1358 1030 1398 karior
1059 1370 1139 1398 una
1169 1369 1297 1406 soror,

468 1427 576 1468 Aelia
608 1427 835 1474 Saturnina,
866 1426 963 1466 abiit
990 1439 1073 1466 uno
1105 1426 1271 1478 insuper
1299 1437 1421 1471 anno,

519 1508 594 1535 nec
624 1495 745 1536 saltus
774 1495 892 1535 vitam
922 1494 1088 1547 protulit
1117 1499 1185 1533 aut
1216 1493 1395 1533 choreae.

301 1573 432 1608 Romae
463 1574 535 1618 (VI
554 1574 661 1609 40454
693 1574 801 1607 semel
829 1573 887 1607 vel
915 1574 968 1606 bis
989 1576 1077 1616 puto
1103 1572 1282 1615 descripta
1312 1581 1404 1605 saec.
1428 1569 1524 1615 XV).
1571 1570 1766 1604 Buecheler
1790 1579 1900 1604 carm.

186 1632 301 1675 epigr.
324 1641 360 1665 n.
375 1631 479 1665 4282.

300 1723 411 1769 5265
581 1751 1479 1768 ......................
1485 1722 1494 1740 ¹

575 1796 679 1832 fluxa
709 1800 777 1832 aut
807 1799 975 1845 syrmata
1007 1791 1189 1831 Bacchici
1220 1790 1399 1840 coturni,

575 1861 640 1901 hic
671 1860 857 1901 Phoebus
886 1861 972 1905 suit.
1002 1860 1066 1900 hic
1095 1858 1294 1911 superbus
1324 1857 1477 1896 Euhan.

579 1929 724 1969 Plaude
754 1929 852 1977 istis,
883 1927 1075 1981 populare
1103 1926 1255 1978 volgus,
1287 1924 1449 1971 umbris,

577 1997 610 2037 si
640 2010 727 2037 sum
758 1997 903 2049 dignus
932 1996 1060 2035 adhuc
1090 1990 1247 2050 favor[e]
1278 1999 1420 2039 vestro,

578 2064 610 2105 si
641 2071 732 2117 post
759 2064 937 2116 praemia
970 2063 1155 2114 rixulasq.
1189 2057 1367 2117 [ves]tras

579 2138 623 2172 ut
652 2132 728 2172 tiro
759 2145 805 2171 ac
835 2131 944 2172 rudis
979 2131 1019 2171 in
1052 2131 1187 2183 quiete
1216 2125 1394 2185 v[iva]m.

307 2200 475 2242 Puteolis,
498 2210 595 2233 nunc
610 2198 764 2242 Neapoli
788 2197 839 2242 (X
851 2198 938 2233 4948
960 2197 1052 2231 vidit
1066 2195 1286 2241 Mommsen).
1326 2195 1518 2228 Buecheler
1542 2204 1653 2228 carm,
1673 2195 1790 2237 epigr.
1807 2192 1902 2227 4540.

191 2276 235 2282 -
262 2258 295 2300 1)
320 2257 468 2290 Praeter
491 2257 565 2290 alia
588 2266 718 2289 nomen
742 2255 896 2296 artificis
918 2255 1074 2288 scaenici
1097 2254 1298 2287 desiderari
1321 2255 1473 2296 apparet
1496 2250 1675 2295 (Bucam).

307 2360 420 2407 5266
473 2361 569 2402 Iulia
607 2361 781 2402 Mimesis
820 2357 1080 2414 subornlatris
1101 2359 1211 2407 (sie-st
1251 2357 1377 2398 Ionici
1416 2363 1455 2396 et
1492 2353 1690 2410 Geminis,
1730 2355 1793 2395 hic
1831 2354 1902 2394 sita

193 2432 263 2481 sit,
295 2444 403 2484 quae„
426 2428 532 2485 vilxit
560 2430 676 2470 annis
705 2427 863 2478 XLllX;
898 2427 969 2469 tibi
1000 2434 1039 2468 et
1064 2427 1070 2483 Ι
1097 2427 1176 2468 tuis
1206 2433 1234 2466 t.
1265 2422 1307 2467 1.²

310 2498 503 2532 Caesareae
527 2496 727 2538 (Cherehel)
753 2495 1003 2530 Mauretaniae
1035 2493 1140 2540 (VIII
1162 2494 1255 2528 9428
1289 2492 1491 2527 Wilmanns
1521 2491 1616 2524 vidit
1638 2489 1834 2534 ectypum).
1859 2507 1901 2513 ——

196 2557 228 2597 1)
263 2555 558 2590 Subur-natricem
594 2555 686 2586 hanc
722 2552 771 2586 ad
802 2561 967 2585 scaenam
997 2553 1216 2595 pertinuisse
1252 2551 1404 2584 coniecit
1438 2548 1597 2581 Momm-¹¹.
1633 2565 1678 2571 -—
1720 2547 1754 2587 2)
1794 2544 1904 2578 Terra

195 2612 282 2645 levis
307 2611 399 2656 (sit).

308 2702 421 2749 5267
467 2701 546 2747 τὸν
577 2700 723 2761 σοφὸν
751 2701 756 2756 Ι
783 2700 828 2744 ἐν
859 2696 1073 2757 ἀνδράσιν
1099 2699 1105 2756 Ι
1133 2698 1349 2742 Εἰώνικον
1377 2696 1382 2752 Ι
1410 2693 1559 2749 ἅνθρα
1588 2695 1807 2750 μέΙγιστον

468 2769 672 2827 ΚόινΙτον
704 2765 882 2814 Ἰούλιον
908 2767 914 2825 Ι
941 2768 1170 2824 Μείλητον
1197 2767 1202 2822 Ι
1231 2766 1274 2810 οἱ
1295 2766 1530 2820 τιιεχνιεῖτοτιι
1558 2763 1566 2819 Ι
1592 2758 1828 2820 ἀνέθηκαν.
1854 2762 1859 2817 Ι

198 2840 246 2888 Q.
268 2841 390 2882 lulius
420 2838 619 2896 Faen'tius
648 2840 832 2880 alumnus
858 2835 865 2892 Ι
892 2850 981 2878 cum
1012 2834 1271 2891 arteficilbus¹
1303 2835 1448 2888 posuit.
1480 2843 1538 2888 (In
1563 2842 1691 2884 latere)
1716 2829 1906 2880 Κόιντος

198 2907 375 2959 Ἰούλιος
401 2907 407 2963 Ι
434 2908 663 2965 Μείλητος
690 2905 696 2961 Ι
723 2905 807 2959 ζῶν
833 2906 1135 2959 καταειέρωσα
1160 2904 1167 2959 Ι
1191 2905 1247 2961 τῇ
1278 2918 1354 2957 πρ.
1387 2900 1424 2953 ζ’
1456 2900 1551 2943 καλ.
1582 2902 1733 2954 Menoe.

311 2986 442 3020 Romae
473 2987 543 3026 (VI
562 2986 679 3021 40094.
719 2986 831 3020 Inscr.
859 2985 981 3019 Graec.
1007 2982 1089 3017 Ital.
1111 2983 1198 3016 4092
1234 2982 1376 3015 titulum
1406 2979 1542 3020 frontis
1570 2978 1742 3011 viderunt
1764 2978 1905 3010 Henzen

200 3044 235 3075 et
256 3041 405 3087 Kaibel).
430 3062 476 3068 —
501 3045 533 3086 1)
557 3042 726 3084 Artifices
747 3044 823 3076 sive
847 3042 1021 3074 technitae
1043 3041 1226 3073 scaenicos
1249 3038 1427 3081 intellegit
1444 3037 1597 3077 Henzen,
1621 3033 1777 3075 sortasse
1800 3037 1905 3067 recte.

202 3097 325 3132 Kaibel
347 3102 629 3134 marmor-arium
650 3102 757 3144 putat
780 3098 892 3139 fuisse
915 3096 1047 3130 Iulium
1067 3095 1239 3139 Miletum,
1264 3105 1343 3128 cum
1366 3097 1405 3127 in
1427 3094 1501 3127 alia
1526 3093 1772 3135 inscriptione,
1798 3101 1903 3135 quam
