2092 3360
439 162 555 200 Tituli
578 162 675 200 sacri
698 164 737 199 et
761 162 1002 199 sacerdotum.
1018 182 1063 188 —
1087 165 1184 200 Acte
1207 162 1376 198 ludorum
1401 160 1658 198 saecularium.
1823 160 1906 199 285

187 272 264 311 noa:
287 287 379 321 quae
402 279 564 311 insecuta
588 279 642 311 est
663 277 757 310 diem
780 276 900 321 pridie
924 276 995 311 kal.
1019 277 1099 311 Iun.
1125 276 1185 320 (34
1206 276 1322 319 Mai.)‚
1352 278 1416 320 qui
1440 276 1515 309 dies
1538 286 1643 309 versu
1674 275 1909 319 praecedente

187 336 423 377 memoratur,
439 344 603 379 quaeque
611 335 807 378 praecessit
820 334 911 367 diem
926 333 1162 367 kalendarum
1175 333 1430 368 Iuniarum.—
1442 335 1476 375 2)
1488 327 1548 369 Ἐν
1559 332 1677 381 πεδίῳ
1689 328 1796 380 παρὰ
1812 329 1909 378 θύμ-

187 392 323 438 βριδος
345 387 517 429 ἄπλετον
538 383 653 438 ὕδωρ,
688 383 795 437 ὅππῃ
820 388 1074 427 στεινότατον
1103 390 1289 432 sacrificia
1313 390 1376 424 illa
1401 392 1579 423 nocturna
1601 390 1811 433 peragenda
1836 400 1909 423 esse

187 452 422 492 praeceperat
443 448 583 493 Sibylla
609 447 706 492 (vide
728 451 804 482 not.
820 448 870 491 6).
917 448 1039 481 Etiam
1063 449 1288 492 antiquior-es
1312 447 1389 480 ludi
1410 446 1612 480 saeculares
1636 446 1910 480 celebrabantur

190 504 238 538 ad
258 504 412 539 Tiberim
436 507 476 539 in
501 515 625 548 campo
651 505 788 539 Martio
813 504 890 538 loco
915 506 979 547 qui
1002 504 1190 538 dicebatur
1210 503 1402 538 Tarentum
1428 503 1568 547 (Valer.
1587 502 1685 537 Max.
1700 504 1737 544 2,
1751 504 1784 545 4,
1798 505 1910 545 5).—

190 562 225 603 3)
251 562 346 595 Haec
367 562 530 606 suppleta
555 573 602 596 ea:
624 563 672 595 iis
696 573 787 606 quae
809 564 1021 604 sequuntur.
1051 581 1098 586 —
1133 564 1168 604 4)
1192 562 1335 594 Hostias
1363 560 1576 603 prodigivas
1606 561 1682 593 sive
1707 560 1911 603 prodiguas

190 618 322 652 Festus
335 629 373 663 p.
388 620 459 654 250
481 621 536 653 ait
559 630 632 652 esse
656 630 718 653 eas
741 629 834 662 quae
858 621 1128 652 consumantur.
1174 618 1222 652 Et
1243 619 1375 651 narrat
1389 616 1554 650 Zosimus
1569 617 1605 659 2,
1619 619 1642 650 5
1662 619 1785 660 prima
1808 619 1912 651 nocte

188 678 287 709 sacri
308 676 505 710 saecularis
530 671 751 713 ὁλόκαυστα
776 687 848 709 esse
865 676 998 709 Moeris
1014 676 1148 709 oblata.
1167 694 1213 700 -—
1237 676 1272 716 5)
1295 674 1410 708 Sacra
1427 675 1525 716 haec,
1549 676 1650 707 iussu
1668 675 1828 718 Sibyllae
1844 673 1910 715 (cf.

189 731 294 772 infra
318 737 392 767 noe.
407 733 445 778 6)
476 736 520 766 ut
543 735 755 767 credebatur
778 735 967 775 instituta,
998 733 1135 766 Achiuo
1163 734 1238 765 sive
1264 731 1399 765 Graeco
1429 733 1507 764 ritu
1530 731 1614 772 fieri
1637 735 1911 766 consentaneum

190 792 254 822 est.
302 788 357 829 Cf:
382 791 470 823 haec
494 801 585 834 quae
608 793 800 835 supersunt
830 792 870 823 in
893 790 1072 823 similibus
1102 790 1194 822 actis
1217 790 1347 821 aetatis
1373 787 1588 822 Seuerianae
1611 800 1658 822 ece
1679 791 1912 823 enarratione

189 846 290 879 sacri
318 846 392 879 diei
420 848 588 881 secundi:
624 848 835 890 immol[avit
866 847 1007 889 IJunoni
1037 846 1189 889 Reginae
1222 855 1361 879 vaccam
1393 845 1461 879 alh.
1492 845 1621 879 Graeco
1652 845 1786 880 Achivo
1817 846 1911 888 rit[u]

192 901 398 946 (7152329
414 919 459 932 ==
475 904 567 947 pr.
585 915 638 948 ep.
654 905 678 938 8
699 915 735 948 p.
751 906 820 938 287
843 915 877 939 v.
892 903 942 949 6).
990 904 1078 937 Item
1101 897 1265 948 Ἀχαϊστὶ
1289 912 1398 935 sacra
1420 902 1505 942 fieri
1520 903 1691 936 iubentur
1705 905 1746 936 in
1763 903 1911 937 oraculo

191 959 372 1003 Sibyllino
390 960 433 994 de
449 961 668 1005 androgyno
686 972 743 1005 ap.
762 963 989 1004 Pklegontem
1012 963 1094 994 mir.
1109 959 1159 1000 fr.
1174 961 1221 994 59
1238 958 1386 1004 (Miiller
1401 958 1451 999 l'r.
1469 961 1502 993 Ιι.
1522 959 1582 995 Gr.
1599 959 1654 992 111
1664 970 1703 1002 p.
1714 959 1799 1004 620)
1816 970 1848 993 υ.
1859 960 1911 994 46.

194 1015 249 1056 Cf.
274 1016 375 1050 Diels
397 1018 515 1062 sibyll.
540 1018 682 1051 Bla'tter
701 1029 738 1062 p.
754 1020 812 1052 55.
843 1037 891 1043 —
925 1019 960 1060 6)
985 1017 1100 1051 Sacra
1125 1017 1213 1049 haec
1236 1018 1347 1049 trium
1370 1019 1530 1049 noctium
1554 1017 1736 1059 triumque
1761 1017 1912 1059 dierum,

193 1084 286 1116 quae
301 1076 374 1107 iam
391 1078 626 1116 enarrantur,
649 1078 850 1118 perscripta
871 1077 1109 1118 reppererunt
1124 1075 1311 1116 Augustus
1335 1075 1467 1116 quique
1490 1075 1523 1106 ei
1547 1083 1571 1106 a
1594 1073 1744 1107 consilio
1761 1071 1913 1113 fuerunt

192 1131 234 1163 in
263 1133 423 1164 carmine
454 1125 610 1174 quodam
639 1132 737 1175 quod
766 1131 927 1176 Sibyllae
956 1132 1172 1164 vaticinium
1203 1130 1433 1172 credebatur;
1468 1131 1566 1173 quod
1595 1140 1738 1163 carmen
1771 1130 1820 1163 ad
1848 1141 1914 1164 nos

193 1197 333 1230 quoque
361 1189 541 1231 peremit,
571 1189 745 1221 insertum
769 1199 791 1221 a
814 1189 1009 1231 Phlegonte
1039 1189 1132 1222 libro
1164 1188 1206 1220 de
1228 1188 1422 1221 macrobiis
1451 1190 1703 1231 servatumque
1731 1188 1829 1220 inter
1851 1198 1913 1220 ecc-

194 1248 317 1287 cerpta
341 1244 517 1285 librorum
541 1245 748 1288 Phlegontis
770 1247 810 1278 in
835 1246 956 1279 codice
979 1246 1144 1279 Palatino
1163 1245 1317 1285 (Miiller
1330 1243 1380 1285 fr.
1399 1246 1480 1279 hist.
1499 1244 1560 1278 Gr.
1576 1244 1634 1277 ΙΙΙ
1644 1255 1681 1288 p.
1694 1244 1787 1288 644),
1807 1254 1914 1287 prae-

194 1303 293 1334 terea
317 1301 473 1334 relatum
497 1311 521 1335 a
537 1301 685 1335 Zosimo
699 1303 736 1342 2,
748 1304 769 1337 6
787 1301 853 1343 (cf.
870 1303 971 1336 Diels
985 1303 1105 1347 sibyll.
1123 1302 1266 1335 Bliitter
1279 1313 1315 1345 p.
1332 1302 1399 1336 433
1409 1305 1510 1346 seq.).
1545 1302 1604 1335 Aa
1617 1303 1778 1344 primum
1793 1303 1914 1334 autem

194 1359 262 1391 lioc
283 1361 501 1392 nocturnum
523 1358 757 1400 sacrificium,
782 1360 879 1403 quod
894 1359 1028 1393 Moeris
1050 1358 1190 1400 factum
1215 1362 1268 1392 est
1291 1360 1415 1392 ovibus
1439 1362 1475 1391 et
1497 1361 1617 1401 capris
1633 1357 1792 1401 feminis,
1815 1367 1914 1401 spec—

194 1417 275 1447 tant
298 1425 346 1448 ea·
365 1419 557 1458 praecepto
574 1415 735 1460 Sibyllae
757 1427 790 1450 v.
805 1418 914 1450 4—8:
937 1418 1066 1453 θεοῖσι
1088 1415 1160 1461 μὲν
1176 1411 1432 1453 αθανάτοισιν
1456 1413 1579 1460 ῥέζειν
1602 1412 1645 1451 ἐν
1667 1416 1783 1464 πεδίῳ
1807 1427 1913 1461 παρα

198 1467 385 1519 Θύβριδος
414 1468 585 1509 απλετον
612 1465 727 1520 ὕδωρ,
764 1465 871 1520 σ’ππη
902 1469 1165 1515 στεινότατον,
1202 1470 1270 1516 νὺξ
1298 1467 1410 1519 ἡνίκα
1450 1476 1568 1518 γαῖαν
1597 1469 1753 1517 ἐπέλθῃ,
1786 1466 1916 1518 ἠελίου

194 1525 418 1575 κρύψαντος
441 1525 510 1565 ἑὸν
532 1527 651 1576 φάος·
689 1526 785 1566 ἔνθα
810 1528 856 1567 σὺ
881 1528 1007 1577 ῥέζειν
1037 1525 1124 1577 ιερὰ
1148 1527 1410 1576 παντογόνοις
1434 1529 1603 1572 Μοίραις
1632 1541 1755 1577 αρνας
1784 1542 1827 1566 τε
1850 1531 1916 1565 καὶ

196 1580 318 1631 αἶγας.
366 1586 463 1620 Deas
485 1586 569 1620 illas
593 1587 734 1620 Moeras
757 1586 889 1620 Latino
913 1588 1058 1620 nomine
1082 1588 1214 1620 Parcas
1245 1587 1403 1630 appellat
1432 1588 1471 1619 in
1496 1589 1655 1619 carmine
1687 1586 1785 1629 quod
1806 1586 1915 1620 biduo

194 1645 277 1686 post
299 1645 484 1676 cantatum
508 1646 561 1676 est
584 1644 758 1677 Horatius
779 1654 810 1678 υ.
827 1644 886 1678 26.
912 1663 955 1668 -
981 1646 1015 1686 7)
1039 1643 1101 1677 Illi
1123 1644 1220 1685 libri,
1244 1644 1383 1678 scilicet
1398 1643 1583 1688 Sibyllini.
1607 1662 1653 1668 —-
1677 1645 1710 1685 8)
1735 1643 1810 1676 Hoc
1831 1654 1914 1686 sup-

195 1699 329 1742 pletum
353 1709 400 1732 ea:
424 1710 455 1734 υ.
470 1699 547 1734 405.
562 1700 635 1734 444.
658 1719 706 1725 —
734 1702 770 1742 9)
794 1700 983 1744 Supplevit
1004 1700 1200 1734 Mommsen
1223 1711 1311 1734 usus
1330 1702 1557 1744 potissimum
1582 1703 1628 1733 iis
1653 1711 1743 1743 quae
1767 1711 1813 1733 ea:
1833 1711 1916 1744 pre-

198 1756 341 1788 catione
363 1758 614 1790 matronarum
633 1757 695 1791 CX
713 1758 761 1791 ad
775 1758 948 1791 Iunonem
963 1761 1159 1801 supersunt
1175 1760 1249 1791 tam
1266 1759 1306 1790 in
1324 1759 1380 1791 liis
1395 1760 1488 1791 actis
1506 1759 1554 1799 (υ.
1567 1757 1727 1801 427369.)
1754 1767 1861 1800 quam
1877 1758 1916 1790 in

197 1812 375 1845 similibus
390 1814 486 1846 actis
500 1815 631 1846 aetatis
648 1813 863 1848 Seuerianae
876 1813 942 1858 (ch
955 1817 1029 1848 not.
1041 1815 1117 1858 54).
1132 1833 1177 1839 -—
1205 1816 1260 1857 10)
1278 1816 1346 1848 Pro
1365 1815 1517 1857 collegio
1532 1814 1856 1857 quindecimvirum
1872 1814 1915 1846 ab

199 1870 363 1911 Augusto
387 1873 421 1902 et
438 1870 600 1913 Agrippa
626 1870 730 1904 ludos
750 1871 955 1904 saeculares
976 1870 1094 1910 factos
1118 1881 1191 1903 esse
1214 1871 1291 1913 ipse
1306 1871 1492 1913 Augustus
1515 1873 1648 1903 narrat
1669 1880 1763 1903 mon.
1782 1871 1916 1914 Ancyr.

198 1927 230 1967 4,
252 1927 309 1961 36.
336 1944 384 1950 -
415 1927 470 1968 11)
496 1924 550 1965 Gr.
572 1925 676 1965 infra
699 1930 775 1962 not.
791 1927 843 1961 47.
865 1945 912 1952 -
950 1928 1005 1969 12)
1029 1926 1146 1960 Macte
1168 1927 1382 1960 vocabulum
1403 1938 1472 1970 pro
1497 1927 1668 1960 adverbio
1690 1929 1918 1969 usurpatum,

200 1981 250 2022 cl'.
275 1981 469 2015 Mommsen
489 1993 527 2026 p.
553 1984 628 2018 266.
676 1983 838 2017 Ceterum
860 1984 1060 2026 persimiles
1082 1986 1169 2016 sunt
1190 1985 1416 2026 precationes
1446 1983 1584 2016 relatae
1608 1993 1630 2015 a
1656 1981 1789 2016 Catone
1812 1983 1855 2016 de
1878 1993 1918 2015 re

200 2051 231 2074 r.
258 2039 335 2076 139.
358 2039 433 2073 444.
461 2058 509 2064 —·
545 2041 600 2084 13)
625 2040 707 2074 Post
727 2039 950 2080 sacrificium
971 2039 1105 2073 Moeris
1130 2044 1319 2083 peractum
1343 2041 1467 2073 statim
1496 2041 1718 2082 principium
1742 2040 1919 2072 habebant

202 2096 300 2137 Iudi;
318 2106 376 2129 eos
389 2107 455 2139 per
470 2099 592 2129 noctes
608 2097 753 2139 diesque
769 2100 842 2129 tres
857 2097 1079 2129 intermissos
1094 2107 1167 2130 non
1184 2107 1257 2129 esse
1273 2097 1409 2140 legitur
1423 2108 1457 2132 v.
1469 2097 1552 2138 lo9‚·
1572 2098 1627 2129 ita
1644 2098 1764 2129 autem
1779 2094 1918 2135 factum

202 2164 275 2185 esse
293 2153 435 2186 videtur
448 2157 598 2196 propter
613 2153 722 2186 verba
735 2153 878 2186 oraculi
888 2153 1086 2188 v.33—33.·
1109 2149 1228 2198 ἦμασι
1244 2149 1280 2190 δ’
1297 2150 1397 2190 ἔστω
1413 2154 1495 2197 νυξί
1510 2148 1549 2189 τ’
1561 2150 1841 2200 ἐπασσυτέρῃσι
1851 2178 1860 2188 .
1870 2178 1898 2188 ..
1908 2177 1918 2188 .

202 2204 435 2255 παμπληθὴς
451 2205 594 2255 ἄγυρις.
610 2228 655 2235 -
682 2211 737 2251 14)
760 2209 858 2243 Ludi
870 2211 1010 2254 primae
1026 2212 1144 2244 noctis
1159 2210 1254 2251 facti
1267 2215 1354 2244 sunt
1369 2221 1468 2244 more
1483 2213 1624 2244 vetusto
1642 2209 1707 2255 (cf.
1725 2210 1919 2245 Mommsen

200 2277 238 2310 p.
250 2267 318 2301 270
333 2269 407 2300 not.
418 2267 456 2308 6)
473 2268 512 2299 in
527 2276 657 2299 scaena
673 2268 751 2298 sine
765 2267 990 2310 spectaculis.
1013 2267 1182 2301 Zosimus
1195 2269 1232 2310 2,
1244 2270 1268 2302 5
1283 2267 1664 2314 κατασκευασθείσης
1679 2269 1817 2314 σκηνῆς
1832 2268 1919 2314 δίχα

202 2323 386 2369 θεατροῦ.
422 2321 477 2363 Cfi
489 2325 565 2357 not.
577 2324 634 2357 24.
650 2342 696 2349 -
722 2325 777 2364 15)
803 2323 939 2356 Horum
953 2323 1253 2358 sellisterniorum
1269 2337 1291 2358 a
1309 2329 1449 2358 centum
1466 2327 1501 2357 et
1516 2324 1634 2358 decem
1649 2327 1828 2358 matronis
1842 2323 1919 2365 fac-

204 2383 324 2413 torum
347 2379 450 2413 nulla
475 2381 608 2413 mentio
631 2382 671 2413 in
696 2380 845 2413 oraculo
868 2379 1049 2425 Sibyllae‚·
1071 2381 1135 2414 sed
1156 2381 1204 2421 cs:
1234 2382 1354 2417 Valer.
1371 2381 1471 2415 Mam.
1486 2382 1522 2422 2,
1538 2383 1570 2423 4,
1584 2383 1608 2414 5
1624 2380 1687 2421 fin.
1710 2400 1757 2406 —
1782 2382 1839 2424 16)
1862 2382 1923 2415 Ad

204 2438 338 2470 diurna
354 2435 538 2477 sacrificia
554 2437 659 2477 Iovis,
685 2436 844 2478 Iunonis,
868 2437 1050 2481 Apollinis
1069 2441 1104 2471 et
1119 2437 1273 2482 Dianae,
1296 2442 1459 2482 spectant
1482 2449 1529 2471 ea:
1549 2440 1742 2481 praecepto
1760 2437 1920 2481 Sibyllae

205 2504 236 2527 v.
253 2494 381 2536 12:011.
429 2494 550 2527 Primo
575 2492 633 2526 die
657 2493 734 2526 Iovi
756 2493 1038 2528 immolabantur
1066 2496 1168 2528 boves
1191 2495 1274 2538 duo,
1302 2497 1547 2539 praecipiente
1573 2494 1731 2538 Sibylla.-
1761 2491 1920 2531 πάνλευ·

204 2562 268 2586 κοι
292 2551 429 2598 ταῦροι
454 2548 494 2586 δὲ
518 2545 611 2592 Διὸς
634 2545 741 2594 παρὰ
764 2546 904 2597 βωμὸν
927 2546 1108 2597 ἅγέσθων
1130 2547 1260 2597 ἤματι,
1280 2551 1373 2599 μηδέ
1396 2564 1438 2588 τε
1463 2551 1569 2588 νυκτί
1583 2553 1663 2587 κτλ.
1680 2569 1724 2575 -
1752 2553 1807 2591 17)
1831 2552 1916 2585 Pro-

204 2608 310 2650 priae
332 2608 502 2640 videntur
525 2607 599 2640 dici
622 2609 788 2640 victimae
808 2605 1003 2651 perfectae,
1028 2607 1077 2648 cf.
1101 2609 1144 2643 1⁴¹.
1158 2609 1300 2643 Schoell
1323 2620 1381 2652 ap.
1399 2609 1563 2641 Momms.
1577 2618 1614 2651 p.
1626 2607 1704 2642 264.
1728 2626 1773 2632 —
1800 2609 1856 2650 18)
1879 2608 1923 2642 Id

206 2666 276 2697 est.-
300 2673 615 2707 quarumcumque.
631 2682 676 2688 —
705 2665 757 2706 19)
777 2664 998 2698 Vocabulum
1014 2666 1201 2707 ignauam,-
1223 2665 1270 2706 cfl
1288 2666 1481 2699 Mommsen
1494 2675 1531 2708 p.
1546 2665 1622 2698 254.
1638 2683 1685 2690 -
1708 2665 1764 2707 20)
1782 2665 1921 2709 Septem

207 2723 344 2754 tantem
366 2720 580 2762 sacerdotes,
609 2720 651 2753 id
673 2723 726 2753 est
747 2722 893 2754 tertiam
924 2721 981 2754 vel
1010 2723 1075 2755 υἱέι·
1098 2724 1244 2756 tertiam
1265 2726 1407 2766 partem
1432 2722 1576 2764 collegii
1599 2722 1921 2765 quindecimvirum

208 2775 369 2817 adfuisse
391 2778 508 2810 sacris
532 2777 604 2810 diei
625 2778 737 2820 primi
761 2780 929 2821 apparet,·
952 2777 996 2811 de
1018 2779 1174 2821 singulis
1195 2780 1442 2813 sacerdotibus
1465 2790 1497 2814 υ.
1515 2777 1618 2818 infra
1635 2778 1685 2812 ad
1698 2789 1728 2813 υ.
1742 2779 1920 2812 rso—132

207 2836 284 2866 not.
294 2834 434 2868 tet—oo.
450 2852 496 2858 -
519 2834 577 2875 21)
602 2833 679 2867 Mos
694 2836 852 2867 vetustus
867 2835 945 2867 sine
959 2834 1128 2868 sedilibus
1142 2836 1331 2879 spectandi
1353 2839 1392 2869 in
1406 2837 1546 2879 primae
1563 2838 1711 2880 §tantum
1727 2837 1844 2868 noctis
1868 2836 1921 2868 Iu-

210 2889 266 2923 dis
286 2891 519 2931 servabatur;
553 2890 637 2923 inde
659 2901 682 2923 a
700 2893 823 2934 primo
848 2891 906 2924 die
928 2893 1137 2934 spectabant
1164 2892 1321 2926 sedentes
1350 2894 1389 2926 in
1414 2893 1553 2925 theatro
1578 2891 1710 2934 ligneo,
1742 2891 1839 2933 quod
1865 2901 1920 2924 eo-

209 2946 289 2979 dem
317 2945 395 2980 loco
425 2947 474 2980 ad
506 2945 660 2980 Tiberim
690 2950 895 2981 eoetractum
925 2950 986 2981 est.
1021 2966 1066 2972 —
1103 2949 1162 2991 22)
1186 2947 1241 2989 (1Ιί
1265 2952 1339 2983 not.
1363 2950 1417 2983 45.
1453 2967 1496 2973 -
1534 2949 1591 2990 23)
1617 2945 1670 2987 Gr.
1695 2950 1767 2980 not.
1792 2946 1848 2981 43.
1875 2965 1922 2971 -

212 3002 269 3045 24)
292 3002 426 3037 Mirum
453 3004 520 3037 hoc
547 3003 703 3037 edictum
726 3004 770 3037 de
784 3005 976 3038 minuendo
1002 3005 1099 3038 luctu
1118 3007 1346 3049 propositum
1370 3016 1442 3038 esse
1462 3008 1545 3048 post
1566 3003 1669 3037 ludos
1691 3003 1832 3036 demum
1848 3002 1922 3036 diei

209 3059 322 3101 primi
344 3061 546 3094 commissos
570 3059 635 3105 (cf.
658 3060 852 3095 Mommsen
866 3072 902 3105 p.
918 3061 1017 3104 272).
1033 3081 1078 3087 -
1102 3063 1159 3105 25)
1182 3062 1329 3097 Dicunt.
1346 3081 1390 3086 —
1414 3062 1470 3103 26)
1495 3060 1659 3095 Secunda
1683 3062 1785 3094 nocte
1807 3060 1921 3093 sacri-
