2092 3360
391 179 508 217 'rituli
530 179 693 217 locorum
716 179 960 227 publicorum.
1009 179 1125 216 Tituli
1149 178 1404 217 aedificiorum
1427 179 1664 226 pfivatorum.
1797 178 1881 217 481

173 297 395 337 monendos
437 303 591 337 ceteros
635 309 734 346 esse,
780 302 824 337 ut
853 297 1100 350 apstinerent
1143 309 1185 336 se
1223 308 1244 336 a
1285 302 1363 336 tam
1405 295 1520 336 foedo
1565 307 1712 348 genere
1757 307 1881 348 nego-

170 364 338 413 tiation.‚
369 365 446 405 hoe
476 365 688 418 praecipue
718 365 890 413 saeculo,
922 377 1002 418 quo
1032 364 1193 405 excitari
1226 377 1327 405 nova
1368 362 1374 419 Ι
1415 370 1455 405 et
1484 363 1618 404 ornari
1647 362 1882 411 universa²⁰‚

173 432 319 486 quibus
364 433 529 474 felicitas
578 432 687 473 orbis
731 429 942 487 terralrum
991 431 1238 486 splenderet,
1288 432 1412 486 magis
1461 432 1712 481 conveniret,
1763 443 1880 484 quam

171 501 300 542 ruinis
330 500 597 541 aedificiorum
629 501 747 541 ullam
780 508 930 553 partem
962 496 1255 557 desorm[are]²¹
1283 499 1290 550 Ι
1316 500 1448 541 ltaliae
1479 507 1519 541 et
1549 500 1678 541 adhuc
1707 500 1881 541 retinere

171 569 350 622 priorum
380 575 607 621 temporum
645 565 854 624 [incuriam
883 582 980 623 quae
1009 572 1190 609 universa
1220 564 1427 625 affecisset]
1470 566 1476 623 Ι
1518 569 1585 620 (45)
1607 570 1660 609 ita
1699 575 1743 609 ut
1772 568 1884 610 dice-

171 642 283 677 retur
310 642 516 678 senectute
547 642 678 676 actum
710 666 720 676 .
744 667 755 677 .
777 667 787 677 .
809 666 820 677 .
847 634 854 692 Ι
880 637 1093 678 Censuere.
1143 637 1186 677 ln
1218 643 1359 678 senatu
1392 633 1583 693 [fuerunt]
1615 667 1625 677 .
1648 666 1658 677 .
1681 667 1691 676 .
1714 667 1724 676 .

285 714 500 748 Herculanea·
522 726 610 759 rep„
634 716 783 748 extabat
805 715 977 758 Neapoli,
1001 715 1124 748 tabula
1149 725 1260 748 aenea
1285 713 1337 759 (X
1356 714 1438 748 4404
1463 714 1570 748 semel
1591 718 1633 748 ut
1656 715 1801 748 videtur
1824 715 1882 748 de·

169 773 309 815 scripta
345 773 446 806 eirca
481 783 514 806 a.
546 771 644 814 4605,
680 772 778 815 quod
811 773 1059 816 apographum
1096 773 1213 805 tribus
1248 772 1421 814 exemplis
1456 771 1505 804 ad
1538 781 1604 804 nos
1634 775 1882 815 propagatum

170 831 223 862 est
245 830 304 862 hie
326 829 404 862 illie
426 829 685 873 interpolatis).
733 828 934 863 Memor-ant
964 829 1092 862 karum
1121 830 1267 861 senatus
1298 829 1543 862 consultorum
1568 829 1724 862 alterum
1748 828 1883 862 Paulus

172 890 223 930 (υ.
236 884 340 925 infra
357 885 501 928 notA2)
519 888 553 919 et
568 888 652 929 imp,
666 885 875 920 Alexander
888 885 971 920 Cod.
985 885 1071 919 lust.
1083 886 1116 926 8,
1129 884 1182 925 40,
1194 885 1219 918 -2
1228 897 1242 926 ‚·
1259 882 1308 923 ef.
1322 886 1431 918 etiam
1443 884 1529 927 Dig.
1541 886 1599 928 59,
1611 885 1646 927 2,
1658 887 1712 919 48.
1739 884 1881 921 Uerum-

171 953 240 986 que
264 944 435 976 tractavit
457 941 644 982 Baclwsen
668 942 725 975 die
740 942 1030 985 Bestimmungen
1055 942 1120 975 der
1142 953 1251 976 roem.
1270 941 1396 975 Kaisar
1417 943 1506 975 uber
1522 942 1580 975 die
1595 942 1802 984 Erltaltung
1819 942 1884 975 der

170 999 460 1043 fflvatgebiiude
482 1001 522 1031 in
539 997 626 1032 Rom
641 998 719 1032 und
732 999 864 1033 Italiam
887 997 1160 1042 (Amgewdkue
1174 998 1315 1032 Lehren
1341 998 1400 1031 des
1419 1008 1528 1032 roem.
1547 998 1768 1042 Civilreehte,
1783 999 1882 1038 4848,

169 1067 205 1100 p.
221 1057 288 1091 485
298 1057 399 1101 seq),
422 1059 486 1100 qui
499 1066 646 1089 noscere
667 1065 742 1088 non
763 1057 888 1099 potuit
910 1055 1028 1097 legum
1051 1055 1326 1098 municipalium
1349 1059 1471 1099 postea
1494 1055 1633 1089 demum
1657 1058 1882 1099 repertarum

170 1112 217 1147 Ν.
228 1114 326 1148 6086.
342 1112 439 1148 6087.
458 1114 546 1147 6089
568 1113 690 1156 capita
713 1112 783 1145 huo
805 1113 1022 1155 spectantia,
1053 1111 1272 1146 Tarentinae
1297 1111 1346 1156 (v.
1364 1113 1413 1147 52
1425 1111 1525 1157 seq),
1552 1112 1761 1148 [saonensis
1785 1111 1880 1156 (cap.

171 1169 335 1214 LXXV),
364 1169 606 1203 Malae-itunae
630 1168 725 1212 (cap.
746 1167 872 1213 LXII).
908 1187 956 1193 -—
994 1170 1026 1212 1)
1053 1169 1219 1203 Consules
1241 1167 1394 1208 fuerunt
1418 1172 1503 1202 ante
1527 1180 1560 1203 a.
1582 1169 1625 1203 47
1649 1168 1713 1210 (ef.
1737 1172 1810 1203 nat.
1828 1169 1883 1213 2),

169 1229 252 1269 poet
267 1237 299 1260 a.
311 1227 353 1259 44
370 1224 436 1269 (es'.
455 1225 525 1260 Dio
540 1225 682 1268 6o,20).
694 1244 741 1250 —-
763 1226 799 1268 2)
822 1225 1013 1259 Ine-tabant
1027 1236 1151 1269 nempe
1169 1226 1247 1260 ludi
1262 1226 1466 1259 saeculares
1489 1237 1511 1259 a
1537 1226 1687 1260 Claudio
1713 1225 1884 1259 celebrati

171 1293 267 1317 anno
279 1283 331 1317 47.
343 1301 389 1307 —-
404 1283 440 1325 3)
457 1281 634 1316 custodiae
650 1293 706 1316 ece.
725 1282 754 1316 1.
770 1282 824 1325 II,
850 1283 1005 1316 custodia
1024 1294 1081 1317 σω.
1098 1283 1163 1317 111.
1176 1301 1222 1308 ·-
1245 1284 1280 1326 4)
1297 1283 1488 1318 Domuum.
1500 1302 1547 1308 --
1571 1285 1604 1326 5)
1622 1292 1709 1316 aero.
1727 1293 1774 1315 ece
1789 1283 1817 1317 J..
1835 1282 1882 1323 11,

170 1339 336 1374 aerarium
361 1350 418 1373 ez.
443 1339 506 1372 111.
531 1358 578 1364 -
601 1339 634 1380 6)
659 1343 835 1382 oportere,
877 1341 909 1382 7)
934 1339 1096 1382 emerint,
1137 1341 1171 1382 8)
1196 1341 1283 1374 intra
1310 1340 1480 1374 traditur.
1503 1359 1550 1364 —
1573 1341 1607 1382 9)
1631 1339 1783 1373 dominio
1809 1343 1882 1372 tra-

169 1396 281 1431 ditur,
315 1415 363 1421 -
398 1397 453 1438 10)
487 1396 656 1430 Consules
685 1396 870 1429 ordinarii
900 1407 932 1430 a.
954 1407 992 1439 p.
1019 1397 1100 1432 clar.
1122 1398 1178 1431 56.
1214 1416 1260 1422 —
1297 1398 1351 1439 11)
1385 1397 1507 1433 decim.
1531 1397 1589 1430 vel
1611 1395 1742 1430 decem.
1767 1395 1882 1429 tradi·

170 1455 242 1488 tur.
265 1472 312 1478 —
345 1455 400 1496 12)
426 1453 520 1486 Haec
544 1454 651 1487 verbo
677 1455 777 1485 tenus
799 1452 914 1494 refert
937 1453 1072 1487 Paulus
1095 1455 1181 1498 Dae‘g.
1205 1455 1259 1496 48,
1283 1454 1315 1496 4,
1338 1454 1396 1488 32.
1423 1473 1468 1478 -
1503 1455 1558 1496 13)
1583 1461 1685 1498 quam
1710 1452 1766 1486 vel
1789 1453 1880 1496 quod

171 1509 332 1543 traditur
354 1510 437 1555 (quo
462 1509 540 1554 plus
564 1508 722 1555 Paulm).
738 1527 785 1534 —
811 1511 866 1552 14)
890 1510 968 1543 Huc
990 1521 1102 1554 mque
1125 1511 1260 1544 Paulus
1285 1511 1307 1544 1.
1324 1520 1354 1545 c.
1377 1530 1420 1536 —-
1446 1512 1499 1553 15)
1525 1509 1682 1545 Celsiliae
1706 1509 1880 1544 traditur.

170 1585 213 1591 —
241 1567 297 1609 16)
321 1566 398 1600 Ser.
422 1565 607 1600 Mutinensi
632 1564 694 1611 (cll
719 1569 793 1600 not.
809 1566 878 1609 47).
901 1586 948 1592 -
974 1568 1029 1610 17)
1053 1568 1151 1601 matri
1177 1579 1233 1601 ex.
1249 1567 1278 1601 1.
1296 1567 1344 1601 II.
1393 1567 1518 1612 Campi
1539 1567 1659 1601 Macri
1682 1568 1779 1599 circa
1804 1565 1882 1599 Mu-

170 1624 285 1655 tinam
308 1626 344 1655 et
366 1623 534 1657 Parmam
563 1624 706 1666 saepius
734 1627 979 1657 memorantur
1009 1622 1157 1668 (Colum.
1180 1624 1211 1666 7,
1235 1624 1276 1666 2,
1300 1625 1336 1665 5,
1374 1623 1492 1658 Strab.
1514 1626 1538 1658 5
1562 1635 1602 1667 p.
1624 1624 1692 1658 216
1716 1623 1812 1668 eet).
1836 1642 1882 1648 -

174 1680 229 1721 18)
253 1678 386 1713 deserta
412 1680 564 1714 ornentia
594 1680 651 1713 vel
681 1679 791 1714 deseri
816 1690 856 1714 ae
880 1680 1012 1715 ruentia
1039 1681 1212 1716 traditur.
1247 1700 1294 1706 ——
1330 1682 1385 1723 19)
1410 1681 1625 1726 conditione,
1667 1682 1724 1724 20)
1748 1681 1783 1714 in
1808 1682 1882 1714 uni-

171 1745 289 1779 verse,
327 1737 385 1778 21)
409 1735 595 1771 deformem
621 1727 793 1771 traditur.

243 3155 383 3191 Danu,
401 3156 609 3194 Luseripfionee
626 3156 751 3186 haum
769 3156 807 3185 11.
1561 3158 1601 3191 31
