2092 3360
185 159 266 198 326
917 156 1038 202 caput
1060 155 1143 191 ΧΠ.

299 273 412 319 5222
453 273 522 313 Cn.
545 271 759 324 Pompeius
786 269 791 325 Ι
826 270 870 312 ἰ).
903 272 928 311 l.
959 271 1094 324 Astipa
1121 270 1126 326 Ι
1155 271 1339 311 daeliciae
1365 274 1449 319 (sic)
1482 270 1490 325 Ι
1522 272 1660 325 populi
1690 273 1761 313 Ro.

298 341 428 374 Romae
453 339 525 382 (VI
544 338 666 371 404542
691 339 799 371 semel
820 339 876 372 vel
899 340 952 371 bis
975 339 1156 381 descripta
1180 348 1273 372 saec.
1289 337 1439 382 XVIII).

298 419 410 465 5223
459 421 496 460 d.
527 433 579 460 m.
607 419 612 474 Ι
640 420 775 461 Libela
807 418 1005 476 sclenicus
1035 419 1235 477 vialrum¹‚
1265 434 1300 460 v.
1329 423 1335 474 Ι
1362 434 1396 461 a.
1417 422 1470 468 L,
1501 422 1539 460 b.
1570 435 1602 461 s.

301 488 556 521 Constantinae
579 487 688 528 (VIII
702 488 786 522 7151
803 488 909 522 semel
924 487 1104 532 descripta
1122 499 1144 521 a
1164 488 1268 522 Costa
1286 488 1470 532 quodum).
1490 506 1535 512 —-
1561 489 1593 530 1)
1616 487 1787 520 Fortasse
1802 497 1895 521 scae-

184 546 287 578 nicus
311 546 375 587 qui
397 545 438 576 in
461 546 532 577 viis
555 555 591 577 se
614 545 836 587 producebat
860 545 1083 590 (Momms.);
1116 545 1163 586 cs:
1189 546 1238 579 ad
1259 545 1306 580 N.
1321 545 1407 579 5176
1431 545 1474 578 de
1498 546 1722 579 nater-variis.

298 624 412 671 5224
461 626 497 666 d.
529 637 635 680 (puer
657 639 771 678 stans)
803 640 854 667 m.
882 628 888 677 Ι
915 629 1101 668 Aemiliae
1129 626 1134 680 Ι
1161 628 1290 676 Irene,
1334 640 1434 680 quae
1460 626 1466 680 Ι
1493 627 1588 667 vixit
1617 639 1710 667 ann.
1742 626 1862 666 XXVI
1888 624 1896 683 Ι

184 693 323 734 diebus
354 694 478 743 XIIII,
516 693 520 748 Ι
563 695 745 736 Aurelius
776 694 984 750 Eutylches
1014 697 1215 749 stupidus¹
1252 695 1256 750 Ι
1298 709 1410 749 greg.
1442 695 1531 736 urb.
1563 693 1735 750 confingi
1774 694 1899 735 karis-

185 763 281 803 sima
300 766 397 810 (sic).

298 830 468 871 Arimini,
492 840 589 863 nunc
615 831 779 864 Veronae
804 830 872 875 (XI
893 832 962 866 435
986 832 1080 865 vidit
1103 832 1326 876 Mommsen).
1351 850 1397 856 —
1424 833 1455 874 1)
1481 830 1516 866 S.
1554 830 1608 871 Cf.
1625 842 1737 874 supra
1753 829 1800 866 N.
1811 831 1900 866 2178

187 887 279 926 (not.
293 886 364 930 11).
388 886 485 920 2179.
1946 884 1955 893 “

300 966 412 1013 5225
469 999 776 1009 ..........
805 970 810 1025 Ι
840 1001 1114 1011 .........
1142 972 1148 1022 Ι
1184 971 1359 1012 Caesaris
1388 970 1498 1010 lusor
1534 968 1539 1023 Ι
1573 976 1707 1010 mutus
1736 975 1900 1022 argutus

187 1034 359 1076 imitator
385 1035 391 1091 Ι
418 1036 476 1076 Ti.
501 1038 675 1078 Caesaris
694 1038 882 1091 Augusti,
915 1039 983 1090 qui
1010 1037 1016 1093 Ι
1043 1040 1214 1091 primum
1247 1039 1398 1079 invenit
1427 1038 1647 1079 causidicos
1675 1037 1831 1078 imitari.

298 1102 429 1136 Romae
452 1106 491 1135 in
517 1105 738 1138 columbario
762 1105 819 1148 ad,
834 1106 931 1138 viam
955 1105 1112 1149 Appiam
1135 1117 1210 1149 rep.
1238 1106 1309 1150 (VI
1328 1107 1415 1139 4886
1438 1106 1531 1138 vidit
1555 1105 1726 1147 Henzen).

299 1195 413 1241 5226
448 1197 485 1236 d.
507 1210 559 1239 m.
588 1195 593 1252 Ι
621 1197 728 1238 Flab.
752 1198 941 1252 Cryseros
962 1199 1151 1240 Cocceius
1181 1197 1348 1254 derilsor
1378 1212 1420 1240 se
1451 1198 1531 1239 bib.
1563 1210 1727 1251 conpar.
1758 1197 1831 1238 sibi
1863 1203 1902 1237 et

185 1278 245 1306 su.
274 1263 279 1320 Ι
306 1265 437 1305 libert.
468 1265 766 1318 libertabusque
792 1267 799 1321 Ι
825 1267 1035 1320 posterisq.
1059 1280 1211 1308 eorum.
1262 1278 1339 1318 (Ex
1362 1277 1478 1310 altera
1501 1279 1623 1319 parte)
1647 1266 1685 1306 d.
1706 1279 1758 1306 m.
1787 1264 1792 1320 Ι
1819 1265 1901 1306 Fla.

187 1333 400 1374 Crusorote
427 1332 432 1388 Ι
461 1333 625 1375 Cocaius
655 1335 808 1375 derisor
834 1333 839 1390 Ι
866 1335 1017 1376 libartis
1048 1335 1159 1376 libar.

299 1399 443 1441 Romae,
473 1403 547 1434 iam
576 1401 731 1445 Neapoli
761 1401 833 1445 (VI
852 1402 957 1436 40404
986 1403 1080 1436 vidit
1113 1402 1334 1444 Mommsen).
1382 1401 1543 1444 Apparet
1571 1401 1725 1434 alterum
1755 1401 1901 1448 titulum

181 1460 334 1500 propter·
357 1467 498 1490 errores
525 1460 698 1491 reiectum
724 1470 807 1493 esse.

302 1536 414 1582 5227
474 1538 510 1578 d.
542 1551 594 1578 m.
630 1538 636 1594 Ι
671 1540 859 1593 Dionysio
890 1543 990 1593 Aug.
1024 1554 1062 1580 n.
1098 1538 1103 1596 Ι
1145 1553 1288 1580 vernae
1318 1539 1555 1592 hethologo¹
1592 1538 1688 1579 vixit
1726 1538 1731 1593 Ι
1774 1551 1902 1579 annos

187 1606 332 1646 XXIIX
361 1606 566 1647 mensibus
591 1607 660 1647 VII
687 1605 692 1661 Ι
719 1607 858 1649 diebus
886 1608 1050 1662 XXIIH,
1078 1609 1172 1649 fecit
1197 1607 1203 1663 Ι
1232 1607 1440 1661 Dionysius
1472 1607 1644 1648 Socratis
1671 1603 1677 1662 Ι
1704 1607 1803 1660 Aug.
1831 1606 1900 1647 lib.

189 1680 228 1714 et
257 1674 330 1715 sibi
364 1683 403 1714 et
432 1675 526 1715 suis.

302 1741 434 1775 Romae
458 1742 529 1782 (VI
550 1742 660 1776 10129
685 1744 738 1776 bis
763 1743 942 1786 descripta
965 1753 1057 1777 saec.
1081 1742 1203 1784 XVII‚·
1235 1742 1372 1776 Oxonii
1395 1743 1488 1776 vidit
1510 1743 1676 1775 Huebner
1698 1742 1762 1775 sed
1783 1743 1902 1775 evani-

188 1799 299 1841 dam).
323 1818 367 1823 —
395 1800 427 1841 1)
451 1799 580 1832 Mimos
604 1800 789 1842 ethologos
811 1803 985 1833 memorat
1011 1800 1082 1834 Cic.
1109 1800 1151 1832 de
1175 1802 1266 1833 orat.
1290 1800 1332 1842 2,
1355 1800 1411 1840 59,
1434 1800 1516 1833 242.

301 1878 416 1924 5228
476 1881 512 1920 d.
545 1893 596 1919 m.
626 1878 630 1935 Ι
658 1881 810 1933 positus
841 1889 900 1921 est
930 1882 992 1921 hic
1023 1881 1210 1921 Leburna
1236 1880 1243 1935 Ι
1275 1881 1463 1933 magister
1491 1881 1775 1931 mimariorum,
1801 1880 1808 1930 Ι
1834 1882 1902 1934 qui

186 1948 280 1988 vixit
311 1960 439 1988 annos
469 1948 557 2000 plus
583 1948 589 2003 Ι
617 1949 748 1989 minus
779 1956 964 1998 centum3
993 1947 997 2003 Ι
1024 1950 1233 2001 aliquoties
1264 1955 1445 1990 mortuus
1471 1946 1477 2004 Ι
1504 1962 1605 1998 sum,
1635 1954 1695 1989 set
1719 1949 1776 1990 sic
1797 1962 1901 1990 nun-

189 2018 335 2070 quam.¹
363 2015 370 2071 Ι
399 2017 501 2070 Opto
533 2030 602 2057 vos
632 2017 678 2057 ad
710 2030 879 2070 superos
909 2017 1011 2057 bene
1037 2016 1044 2072 Ι
1072 2013 1274 2074 [va]lerae.

292 2083 439 2127 Sisciae,
456 2094 552 2117 nunc
565 2085 644 2117 Pest
655 2086 694 2117 in
707 2094 827 2117 museo
841 2083 1015 2128 (1115980
1029 2085 1121 2118 vidit
1133 2084 1410 2128 Mommsen).—
1428 2086 1460 2127 1)
1478 2084 1655 2119 Similiter
1667 2086 1707 2118 in
1720 2085 1901 2129 epitaphio

187 2140 408 2183 Aquileiensi
423 2140 599 2174 Bassillae
614 2143 745 2174 mimae
763 2139 827 2182 (cli
844 2144 919 2175 not.
936 2141 985 2174 ad
1000 2140 1045 2175 N.
1058 2140 1170 2186 5213)
1185 2145 1236 2174 est
1252 2137 1440 2184 πολλάκις
1455 2139 1498 2178 ἐν
1513 2140 1712 2186 θυμέλαις,
1728 2135 1815 2178 ἀλλ’
1831 2135 1900 2188 οὐχ

190 2189 291 2233 οὕτω
316 2196 355 2233 δὲ
378 2193 552 2243 θανούσῃ
577 2197 750 2241 (Hersilia
777 2197 1131 2232 caetani-Lovatelli
1153 2200 1274 2231 scritti
1296 2201 1379 2231 vari
1399 2197 1526 2243 [1898]
1544 2209 1581 2242 p.
1599 2198 1692 2243 165).

303 2287 416 2336 5229
476 2290 512 2330 d.
540 2303 591 2334 m.
620 2288 626 2346 Ι
654 2290 724 2330 Cn.
746 2290 940 2343 Vergilius
968 2289 973 2345 Ι
999 2291 1295 2344 Epaphroditus
1322 2290 1327 2346 Ι
1365 2291 1553 2342 magister
1583 2291 1820 2332 odariarius¹
1846 2289 1852 2347 Ι
1879 2304 1899 2331 a

189 2357 363 2398 Minerva
389 2359 395 2409 Ι
423 2358 586 2406 medica,
618 2358 712 2398 vixit
741 2371 868 2399 annos
895 2356 901 2412 Ι
927 2360 1176 2413 septuaginta
1207 2356 1283 2399 et2.
1653 2354 1658 2359 ’

302 2423 434 2458 Romae
459 2424 528 2468 (VI
543 2425 656 2460 40153
672 2426 764 2459 vidit
779 2426 951 2469 Henzen).
967 2446 1013 2452 -—
1040 2426 1073 2471 1)
1100 2425 1154 2466 Cf.
1172 2427 1312 2460 Petron.
1327 2427 1394 2460 52.-
1415 2436 1638 2470 puerumque
1652 2427 1757 2459 iuuit
1771 2425 1898 2460 odaria

189 2480 333 2514 saltare.
358 2499 404 2505 —
428 2483 462 2522 2)
486 2481 597 2524 Lapis
621 2482 757 2515 dicitur
780 2484 921 2525 integer
944 2494 1028 2517 esse.

303 2572 416 2619 5230
473 2574 514 2615 C.
541 2575 639 2615 Iulio
672 2575 795 2616 Cosco
830 2574 837 2630 Ι
872 2577 1078 2616 odariario.
1115 2575 1120 2631 Ι
1157 2577 1357 2617 Peducaea
1390 2577 1503 2617 Festa
1534 2577 1608 2617 olla
1633 2579 1716 2625 (sie)
1757 2577 1763 2626 Ι
1805 2577 1899 2616 emit

190 2642 238 2682 de
268 2655 353 2682 suo.

272 2744 274 2746 ,
311 2708 459 2751 Romae,
489 2719 586 2742 nunc
616 2709 787 2744 Cataniae
819 2712 839 2752 (
844 2710 898 2744 VI
921 2711 1029 2746 10134
1063 2709 1109 2750 cf.
1135 2721 1174 2754 p.
1198 2711 1289 2745 3492
1321 2711 1491 2744 viderunt
1517 2710 1696 2744 Mar-inim
1723 2713 1759 2743 et
1784 2720 1899 2753 nuper·

191 2765 228 2798 P.
248 2764 356 2808 Orsi).

305 2856 414 2903 5231
471 2860 664 2901 Paezusae
697 2861 804 2901 Caes.
831 2861 837 2914 Ι
865 2873 941 2900 ser,
973 2861 1220 2909 monodiar.²‚
1249 2858 1255 2916 Ι
1291 2861 1364 2901 vix.
1395 2872 1488 2899 ann.
1519 2858 1659 2899 XVIIII
1690 2871 1741 2899 m.
1768 2859 1860 2906 nx,
1885 2857 1892 2915 Ι

192 2924 433 2968 Euchrestus
463 2923 635 2980 conliugi
666 2940 759 2969 suae
790 2929 828 2969 b.
860 2941 910 2968 m.

305 2992 436 3026 Romae
454 2993 523 3037 (VI
538 2994 648 3029 10152
665 2995 771 3028 semel
789 2995 999 3039 descripta).
1012 3014 1057 3020 —
1084 2997 1119 3037 1)
1146 2993 1198 3035 Cf.
1216 2994 1377 3028 Diomed.
1393 2997 1465 3028 art.
1478 3003 1632 3036 gramm.
1650 2994 1705 3027 III
1715 3005 1751 3037 p.
1765 2995 1841 3036 492,
1854 2995 1899 3030 13

193 3048 246 3082 ed.
272 3048 357 3081 Keil.
