2092 3360
540 151 655 188 Tituli
678 151 927 199 municipales.
953 172 997 178 —
1022 152 1100 188 Lex
1124 152 1219 189 Iulia.
1241 151 1484 199 municipalis.
1784 153 1866 191 493

277 268 344 319 (17)
372 267 678 321 Queiquomque
720 268 961 308 frumentum
1008 267 1157 321 populo
1194 267 1383 308 dabunt¹⁹
1428 268 1661 308 damdumve
1699 268 1867 316 curabit,

163 336 227 376 nei
258 335 377 388 que*o
405 348 559 385 eorum,
591 349 761 389 quorum
790 337 951 376 nomina
983 336 1022 376 h.
1051 336 1076 376 l.
1106 336 1190 375 ad²¹
1222 349 1303 377 cos.
1326 349 1385 388 pr.
1406 342 1457 376 tr.
1479 336 1531 390 pl.
1553 337 1592 377 in
1615 335 1764 390 tas-(18)
1776 336 1867 377 bula

160 404 201 444 in
234 403 324 444 albo
354 405 557 457 proposita
589 412 727 452 erunt,
758 405 1000 444 frumentum
1031 403 1122 444 dato
1154 417 1251 444 neve
1281 405 1375 445 dare
1405 404 1538 445 iubeto
1570 417 1667 446 neve
1697 405 1868 446 sinito²².

159 471 262 519 Quei
293 472 339 512 ad
371 485 508 513 versus
538 484 583 512 ea
613 485 751 513 eorum
782 472 914 524 quei²⁰
941 473 1187 513 frumentum
1216 469 1223 526 Ι
1250 473 1318 525 (19)
1339 472 1503 519 dederit,
1534 472 1567 513 is
1596 472 1636 513 in
1668 478 1718 513 tr.
1742 486 1794 513 m.
1817 473 1869 513 1²³

161 539 227 581 HS
242 539 330 580 1000
350 540 500 593 populo
521 539 614 580 dare
635 540 798 581 damnas
818 547 916 588 esto,
943 541 1107 593 eiusque
1129 541 1323 593 pecuniae
1343 540 1435 593 quei
1456 539 1560 580 volet
1580 541 1718 593 petitio
1738 547 1835 582 esto.
1859 539 1866 596 Ι

275 607 343 661 (20)
364 607 475 655 Quae
504 608 587 648 viae
617 609 657 649 in
690 609 870 649 urbem²⁴
906 609 1020 649 Rom.
1052 609 1263 662 propiusve
1295 622 1332 649 u.
1355 608 1433 648 R.²⁶
1463 621 1502 661 p.
1525 607 1617 658 (Μ’,
1650 609 1739 650 ubei
1771 622 1868 650 con·

161 677 314 717 tinente
356 676 609 724 habitabitur,
654 684 748 718 sunt
785 683 922 725 erunt,
968 677 1113 729 quoius
1154 683 1245 717 ante
1286 677 1504 717 aedificium
1549 690 1684 718 earum
1723 691 1823 731 quae
1859 676 1866 733 Ι

160 744 230 798 (21)
249 745 332 785 viae
362 743 531 793 eruum,
570 746 603 785 is
639 758 723 786 eam
762 746 859 786 viam
901 745 1090 785 arbitratu
1130 746 1214 786 eius
1252 745 1379 793 aed.²⁸‚
1417 746 1510 797 quoi
1548 759 1591 786 ea
1632 759 1724 798 pars
1758 746 1870 787 urbis

160 814 199 853 h.
230 813 256 853 l.
289 813 339 853 ob
370 813 535 862 venerit,
574 814 791 862 tueatur²⁹;
836 814 948 866 isque
979 804 1096 853 aed.²⁸
1124 819 1274 862 curato,
1315 814 1388 861 uti,
1430 826 1599 865 quorum
1635 812 1641 869 Ι
1678 815 1746 867 (22)
1779 821 1870 855 ante

160 881 381 922 aedificium
414 882 506 930 erit,
547 894 744 934 quamque
773 882 873 922 viam
913 882 951 922 h.
983 882 1008 921 l.
1040 879 1238 934 quemque
1278 882 1379 922 tueri
1410 881 1627 935 oportebit,
1665 883 1701 923 ei
1732 895 1871 924 omnes

160 963 247 991 eam
278 951 376 991 viam
408 950 599 991 arbitratu
638 951 722 990 eius
750 956 949 998 tueantur,
989 963 1087 990 neve
1117 963 1164 990 eo
1199 948 1205 1005 Ι
1243 951 1310 1002 (23)
1332 950 1420 990 loco
1458 947 1630 1007 a[qua]⁸⁰
1667 951 1869 997 consistat,

162 1031 241 1070 quo
274 1020 405 1060 minus
435 1019 631 1059 conmode
660 1019 833 1071 populus
862 1030 907 1058 ea
938 1018 996 1058 via
1026 1023 1173 1058 utatur.
1202 1016 1207 1073 Ι

276 1087 349 1140 (24)
371 1087 465 1127 Aed.
497 1099 596 1134 cur„
633 1087 718 1127 aed.
751 1087 819 1139 pl„
858 1086 949 1138 quei
988 1099 1097 1127 nunc
1127 1086 1273 1134 sunt³¹,
1314 1087 1610 1140 queiquomque
1649 1095 1740 1140 post
1774 1088 1812 1128 h.
1844 1088 1869 1128 l.

162 1155 227 1195 1·.³²
256 1155 371 1195 ractei
392 1155 536 1196 createi
559 1160 681 1195 erunt
699 1167 837 1194 eumve
867 1154 1002 1207 mag.³³
1031 1155 1207 1202 inierint,
1238 1155 1288 1195 iei
1310 1155 1349 1194 in
1373 1155 1513 1196 diebus
1535 1155 1564 1194 V
1596 1156 1836 1208 proxumeis,
1861 1154 1868 1212 Ι

161 1224 230 1275 (25)
252 1223 397 1276 quibus
435 1235 482 1263 eo
523 1235 624 1274 mag.
654 1223 872 1275 designatei
911 1229 1031 1263 erunt
1069 1235 1207 1263 eumve
1237 1235 1337 1275 mag.
1369 1223 1554 1272 inierint,
1594 1225 1700 1264 inter
1728 1237 1771 1265 se
1801 1237 1871 1277 pa-

161 1298 276 1332 ranto
307 1298 375 1331 aut
403 1292 615 1340 sortiunto‚
645 1304 723 1344 qua
753 1291 795 1331 in
827 1292 953 1344 partei
988 1291 1096 1332 urbis
1126 1292 1295 1343 quisque
1322 1290 1327 1345 Ι
1361 1293 1431 1344 (26)
1459 1305 1598 1333 eorum
1629 1292 1710 1333 vias
1740 1292 1871 1345 publi·

160 1373 227 1400 cas
257 1360 298 1401 in
330 1358 506 1400 urbem⁸⁴
536 1359 683 1406 Roma,
717 1359 929 1413 propiusve
960 1372 997 1400 u.
1032 1360 1077 1399 R.
1110 1359 1180 1412 p.³⁵
1210 1357 1342 1416 [M]³⁶‚
1371 1360 1608 1400 reficiundas
1637 1360 1872 1401 sternendas

158 1435 276 1469 curet
305 1429 467 1481 eiusque
497 1428 554 1468 rei
585 1428 904 1481 procurationem
947 1426 953 1482 Ι
989 1427 1058 1482 (27)
1079 1428 1232 1468 habeat.
1293 1428 1402 1475 Quae
1432 1441 1523 1481 pars
1553 1428 1727 1480 quoique
1757 1428 1872 1469 aed.³⁷

161 1496 213 1536 ita
243 1496 282 1536 h.
304 1496 329 1536 l.
361 1496 412 1536 ob
443 1497 609 1544 venerit,
641 1496 725 1537 eius
755 1493 875 1536 aed.²⁸
904 1496 944 1536 in
977 1497 1033 1536 eis
1062 1497 1195 1543 loceis,
1227 1509 1327 1548 quae
1348 1497 1388 1536 in
1411 1508 1454 1535 ea
1476 1497 1601 1549 partei
1631 1496 1764 1544 erun't,
1794 1497 1872 1536 via-

162 1577 251 1605 rum
281 1562 555 1620 reficienl-(zs)
567 1564 705 1605 darum
736 1564 985 1604 tuemdarum
1018 1566 1244 1616 procuratio
1276 1571 1372 1613 esto,
1403 1565 1484 1605 utei
1513 1565 1553 1604 h.
1574 1564 1599 1604 l.
1622 1564 1835 1618 oportebit.
1863 1562 1869 1620 Ι

276 1633 343 1685 (29)
359 1633 469 1680 Quae
499 1633 598 1673 viam
620 1633 731 1686 per³⁸
761 1633 896 1673 aedem
928 1645 1077 1673 sacram
1110 1640 1150 1673 et
1178 1633 1398 1673 aedificium
1429 1633 1558 1674 locum
1592 1645 1636 1673 ve
1666 1633 1871 1686 publicum

159 1707 202 1740 et
230 1700 336 1741 inter
364 1701 586 1742 aedificium
616 1701 809 1754 privatum
842 1708 902 1741 est
931 1701 1025 1750 erit,
1064 1701 1150 1742 eius
1184 1699 1191 1755 Ι
1225 1702 1292 1754 (30)
1313 1701 1395 1741 viae
1425 1708 1576 1754 partem
1609 1701 1807 1742 dimidiam
1840 1703 1873 1741 is

160 1769 263 1818 aed„
295 1770 388 1821 quoi
419 1782 463 1810 ea
493 1782 586 1822 pars
615 1769 727 1810 urbis
757 1769 808 1809 ob
839 1769 992 1809 venerit
1021 1770 1061 1809 in
1094 1782 1169 1822 qua
1199 1777 1310 1822 parte
1341 1783 1383 1810 ea
1406 1770 1514 1810 aedis
1544 1781 1652 1810 sacra
1675 1770 1750 1810 erit
1769 1769 1873 1810 seive

161 1838 383 1878 aedificium
411 1835 417 1892 Ι
444 1837 511 1890 (31)
531 1837 733 1890 publicum
765 1837 869 1878 seive
899 1838 1011 1878 locus
1040 1837 1236 1891 publicus,
1271 1839 1470 1878 tuemdam
1502 1838 1643 1878 locato.
1671 1835 1678 1893 Ι

278 1906 344 1958 (32)
366 1905 698 1958 Quemquomque
718 1911 808 1946 ante
829 1917 944 1946 suum
964 1909 1048 1954 (sic)
1080 1906 1300 1946 aedificium
1321 1907 1419 1946 viam
1441 1905 1640 1959 publicam
1661 1906 1700 1946 h.
1723 1906 1748 1946 l.
1770 1906 1873 1946 tueri

162 1973 381 2026 oportebit,
420 1973 512 2026 quei
543 1985 680 2013 eorum
711 1985 796 2013 eam
829 1973 926 2013 viam
957 1974 1147 2014 arbitratu
1187 1974 1271 2014 eius
1301 1974 1399 2022 aed„
1435 1971 1441 2028 Ι
1482 1973 1549 2026 (33)
1580 1974 1723 2026 quoius
1752 1986 1873 2027 opor·

162 2042 301 2089 tuerit,
342 2055 422 2082 non
454 2040 645 2090 tuebitur,
684 2054 769 2081 eam
798 2041 898 2080 viam
930 2041 1029 2090 aed.,
1070 2042 1212 2094 quoius
1249 2041 1439 2082 arbitratu
1480 2054 1564 2082 eam
1595 2042 1723 2082 tuerei
1753 2055 1873 2095 opor-

163 2110 297 2159 tuerit,
336 2109 535 2150 tuemdam
566 2109 715 2160 locato;
754 2113 760 2163 1
800 2109 867 2162 (34)
899 2109 1011 2161 isque
1040 2110 1124 2150 aed.
1155 2109 1294 2150 diebus
1324 2123 1374 2150 ne
1405 2110 1536 2151 minus
1566 2109 1622 2160 X,
1661 2118 1872 2163 antequam

163 2179 281 2227 locet,
311 2184 407 2231 aput
428 2178 559 2218 forum
589 2183 680 2218 ante
701 2177 899 2218 tribunale
919 2189 1033 2218 suom
1055 2179 1302 2231 propositum
1323 2178 1480 2227 habeto,
1511 2190 1628 2231 quam
1656 2176 1662 2234 Ι
1689 2179 1756 2231 (35)
1773 2178 1871 2219 viam

164 2246 353 2286 tuendam
384 2251 424 2285 et
453 2258 533 2298 quo
564 2246 627 2286 die
656 2245 858 2286 locaturus
888 2245 950 2295 sit,
981 2242 1051 2303 e[t]
1082 2259 1250 2299 quorum
1282 2253 1374 2287 ante
1404 2247 1624 2287 aedificium
1656 2260 1698 2287 ea
1720 2247 1777 2287 via
1802 2247 1872 2295 sit;

164 2315 314 2366 eisque,
345 2326 518 2366 quorum
548 2319 640 2354 ante
664 2313 883 2354 aedificium
911 2311 918 2367 Ι
951 2315 1019 2367 (36)
1041 2326 1084 2354 ea
1113 2315 1171 2355 via
1203 2315 1297 2364 erit,
1329 2315 1702 2368 procuratoribusve
1734 2326 1872 2354 eorum

163 2383 325 2422 domum
356 2381 614 2422 denuntietur
643 2382 774 2431 facito,
804 2395 846 2423 se
877 2395 961 2423 eam
994 2383 1090 2423 viam
1122 2383 1356 2431 locaturum,
1387 2390 1426 2423 et
1446 2396 1525 2435 quo
1555 2383 1618 2423 die
1641 2380 1871 2437 locaturus}

164 2450 234 2503 (37)
253 2451 324 2501 sit;
369 2463 536 2502 eamque
575 2450 810 2490 locationem
850 2451 978 2503 palam
1023 2451 1064 2491 in
1111 2452 1198 2491 soro
1242 2464 1315 2504 per
1353 2464 1391 2504 q.
1422 2451 1556 2499 urb.³⁹,
1601 2462 1739 2490 eumve
1783 2451 1873 2503 quei

165 2519 318 2558 aerario
349 2518 549 2570 praeritw,
581 2518 712 2558 facito.
773 2518 940 2565 Quamta
971 2519 1141 2571 pecunia
1173 2531 1256 2559 eam
1286 2517 1291 2573 Ι
1328 2519 1396 2571 (38)
1416 2519 1515 2559 viam
1546 2517 1744 2566 locaverit,
1774 2524 1874 2558 tam-

283 2621 338 2663 19)
362 2621 440 2655 Ser.
456 2620 563 2654 dabit.
588 2638 633 2644 —
658 2620 714 2661 20)
738 2617 815 2653 Sor.
833 2619 985 2662 quoi.—
1008 2620 1065 2662 21)
1090 2618 1260 2653 Fortasse
1275 2629 1344 2654 scr.
1361 2629 1378 2652 a
1398 2618 1642 2662 (Mommsen).
1662 2636 1709 2643 —
1728 2619 1786 2661 22)
1812 2618 1875 2652 Ca-

165 2679 226 2709 vet
247 2675 308 2710 lex
329 2687 376 2709 ne
396 2674 554 2720 professi
577 2678 661 2709 ante
683 2676 974 2708 subsortitionem
1003 2673 1224 2715 frumentum
1254 2675 1436 2718 publicum
1460 2676 1645 2718 accipiant
1667 2674 1872 2719 (mamma).

168 2751 211 2757 —
228 2734 287 2775 23)
313 2732 443 2767 Tritici
463 2733 604 2766 modios
624 2731 798 2774 singulos.
814 2749 861 2756 —
885 2731 941 2774 24)
965 2731 1043 2766 Ser.
1060 2731 1155 2766 urbe.
1173 2751 1216 2756 —
1242 2732 1299 2773 25)
1327 2730 1450 2766 Urbem
1466 2730 1625 2766 Romam.
1640 2749 1686 2756 -
1710 2732 1768 2774 26)
1792 2732 1875 2765 Pas-

166 2799 228 2822 sus
250 2789 358 2824 mille.
387 2807 435 2815 —
469 2790 527 2832 27)
551 2788 629 2823 Ser.
652 2788 707 2821 via
734 2788 808 2821 erit.
838 2805 882 2812 —
919 2788 976 2829 28)
999 2788 1148 2823 Aedilis.
1179 2806 1224 2812 —
1260 2788 1316 2829 29)
1341 2787 1418 2822 Ser.
1444 2791 1551 2821 tueto.
1578 2806 1620 2812 —
1656 2789 1712 2830 30)
1736 2797 1779 2822 ao
1804 2798 1873 2822 aes.

169 2844 389 2889 (emendavit
406 2845 592 2887 Com-adi).
609 2863 655 2870 —
678 2845 736 2886 31)
760 2855 793 2889 q.
812 2855 844 2878 n.
861 2853 890 2879 s,
914 2843 1130 2877 Mommseno
1153 2844 1320 2877 videntur
1343 2843 1484 2877 adiecta
1506 2846 1588 2887 post
1607 2844 1718 2886 legem
1735 2843 1875 2877 demum

166 2904 414 2945 perscriptam.
444 2920 491 2927 —
526 2902 583 2945 32)
606 2901 792 2945 Regulam.
817 2919 861 2925 —
897 2901 954 2942 33)
978 2900 1244 2944 Magistratum.
1271 2919 1316 2925 —
1352 2901 1410 2942 34)
1435 2899 1511 2935 Ser.
1535 2899 1631 2934 urbe.
1655 2919 1699 2925 —
1734 2901 1794 2943 35)
1819 2899 1874 2940 Cf.

169 2952 244 2992 not.
258 2959 317 2993 25.
331 2959 389 2993 2⁶.
412 2977 458 2984 -
494 2959 551 3002 36)
576 2957 674 2993 Nota
698 2958 904 2992 millenaria
926 2957 1136 3001 plerumque
1160 2959 1199 2990 in
1223 2958 1289 2991 Ιιοο
1312 2968 1396 2991 aere
1420 2955 1632 2997 deformata.
1655 2975 1700 2982 —
1725 2957 1782 3000 37)
1805 2958 1875 2991 Ae-

170 3013 267 3049 dilui.
278 3033 324 3040 —
340 3015 397 3057 38)
420 3013 499 3050 Ser.
517 3015 569 3048 ria
587 3015 686 3050 inter.
702 3034 749 3040 —
772 3016 828 3056 39)
846 3013 1076 3056 Quaestorem
1091 3015 1278 3047 urbanum.
1292 3033 1338 3039 -
1360 3015 1418 3057 40)
1436 3012 1491 3054 Cf.
1506 3013 1700 3048 Mommsen
1717 3014 1873 3049 Slaatsr.

171 3067 235 3113 11⁸*
249 3080 286 3114 p.
299 3071 367 3105 567
389 3073 463 3106 not.
477 3072 499 3105 4
512 3070 575 3112 lin.
594 3071 656 3115 (-
674 3070 733 3105 11²
754 3083 789 3116 p.
800 3072 864 3106 544
888 3070 1027 3112 ηοω).
