2092 3360
210 158 292 198 508
924 157 1044 202 Caput
1066 156 1186 192 XIIII.

210 271 337 325 60871
374 274 415 314 in
437 272 579 313 iudicia
599 271 752 324 singula
773 271 1042 311 testimonium
1074 270 1219 328 dicelre
1242 279 1450 323 cogantur.
1494 273 1598 314 Neve
1620 287 1738 327 quem
1758 277 1924 319 invitum

210 338 492 391 testimolnium
514 339 646 379 dicere
667 339 814 391 cogito,
845 339 909 378 cui
925 338 970 358 ¹¹⁴¹
998 339 1048 387 ei,
1077 352 1178 392 quae
1195 338 1239 359 ¹¹⁵
1259 338 1343 380 r.²¹⁶
1365 346 1448 380 tum
1471 346 1631 394 agefltur,
1653 356 1777 396 gener
1796 357 1923 393 socer,

209 411 369 450 vitricus
401 408 618 461 privignus,
649 414 805 458 patron.
836 405 840 460 Ι
867 406 948 454 lib.‚
982 406 1305 470 consobrinus¹²⁷
1334 409 1547 461 propiusve
1578 422 1669 450 eum
1699 423 1744 451 ea
1764 411 1924 468 cognal-

209 478 319 517 tione
349 476 628 516 atfinitatemve
647 478 732 522 (sic)
764 475 982 528 contingat.
1043 476 1082 516 Si
1110 477 1204 516 llvir
1230 475 1236 532 Ι
1262 477 1450 530 praeflve,
1485 479 1554 530 qui
1586 491 1631 518 ea
1646 477 1691 500 ¹¹⁸
1720 492 1763 520 re
1794 480 1924 522 colon.

210 551 329 598 petet,
363 557 444 584 non
466 539 667 597 adelrit¹¹⁹
698 542 748 582 ob
771 555 854 583 eam
877 555 982 592 rem,
1015 551 1113 596 quot
1142 545 1178 585 ei
1208 545 1373 586 morbus
1393 546 1584 599 sonticus,
1613 544 1618 600 Ι
1644 548 1928 598 vadimonium,

211 613 414 660 iudicium,
445 611 696 660 sacrificium,
727 612 847 652 sunus
889 609 894 666 Ι
935 612 1125 652 familiare
1158 613 1324 653 feriaeve
1355 613 1608 655 dedicales¹²⁰
1638 621 1768 665 erunt,
1809 628 1888 668 quo
1915 615 1924 672 Ι

210 681 341 721 minus
371 681 507 720 adesse
528 680 653 732 possit
681 679 762 720 sive
792 680 825 720 is
850 687 1016 732 propter
1046 679 1310 737 magistrafftus
1340 688 1622 735 potestatemve
1652 696 1689 736 p.
1713 683 1762 724 R.
1793 684 1926 726 minus

210 757 336 789 atesse
366 749 531 801 poterit:
560 746 566 803 Ι
603 761 681 800 quo
712 748 836 801 magis
867 762 913 789 eo
946 748 1110 789 absente
1141 751 1190 790 de
1220 763 1267 791 eo
1298 751 1362 791 cui
1393 751 1440 791 iis
1454 748 1498 769 ¹²²
1529 752 1732 803 negotium
1760 750 1766 806 Ι
1799 753 1926 794 faces-

209 824 269 858 set
299 817 421 869 recip.
453 817 671 857 sortiantur
700 817 919 857 reiciantur
949 830 1014 858 res
1044 815 1267 873 iuldicetur,
1299 831 1346 859 ex
1364 819 1402 860 h.
1424 820 1450 859 l.
1473 833 1510 871 n.
1534 818 1620 860 r.¹²²
1679 821 1720 861 Si
1750 820 1928 874 privatus

211 892 318 939 petet
348 893 386 926 et
418 886 460 934 is,
492 898 582 926 cum
623 883 629 939 Ι
670 886 718 926 de
748 897 792 926 ea
822 898 867 926 re
897 886 1086 927 iudicium
1117 887 1201 927 fieri
1234 887 1448 940 oportebit,
1480 901 1562 928 non
1593 889 1718 929 aderit
1748 886 1756 945 Ι
1795 901 1927 942 neque

211 955 402 995 arbitratu
428 954 533 994 lIvir.
565 954 738 1006 praef-ve
769 954 837 994 ubi
869 967 903 995 e.
935 967 967 995 r.
997 953 1084 995 a.¹²³
1114 953 1380 1011 exculsabitur
1408 954 1502 996 et¹²⁴
1530 957 1672 996 harum
1692 969 1812 1009 quam
1832 969 1927 998 cau-

211 1036 293 1064 sam
324 1036 421 1078 esse,
452 1035 530 1075 quo
555 1022 686 1063 minus
714 1019 721 1076 Ι
746 1029 872 1063 atesse
896 1009 1034 1076 possit,
1064 1024 1249 1065 morbum
1280 1025 1492 1074 sonticum,
1522 1024 1804 1074 vadimonium,
1829 1024 1837 1081 Ι
1863 1025 1927 1066 iu-

213 1092 372 1141 dicium,
403 1091 655 1140 sacrificium,
686 1091 811 1132 funus
839 1091 1042 1140 familiare,
1074 1091 1253 1133 feriae¹²⁵
1279 1093 1284 1147 Ι
1312 1091 1564 1134 dedicales¹²⁰
1593 1106 1731 1134 eumve
1762 1099 1930 1147 propter

212 1172 312 1212 mag.
347 1166 630 1213 potestatemve
671 1158 677 1214 Ι
720 1173 758 1213 p.
790 1160 836 1200 R.
868 1166 994 1201 atesse
1025 1173 1107 1201 non
1139 1162 1265 1214 possit
1279 1160 1342 1201 ¹²⁶:
1390 1168 1481 1214 post
1511 1162 1546 1201 ei
1586 1174 1723 1202 earum
1760 1174 1927 1215 quarum

211 1242 242 1270 r.
274 1226 360 1272 r.¹²⁷
399 1226 406 1284 Ι
447 1229 485 1268 h.
516 1228 541 1268 l.
575 1228 753 1280 quaestio
785 1228 883 1276 erit,
923 1229 1024 1269 actio
1058 1242 1108 1269 ne
1139 1236 1237 1270 esto.
1297 1230 1395 1282 Deq.
1429 1243 1463 1270 e.
1495 1228 1579 1270 r.¹²⁸
1609 1230 1778 1283 siremps
1813 1227 1830 1286 ΙΙ
1865 1230 1929 1271 lex

212 1310 355 1350 resque
386 1303 483 1346 esto,
524 1309 624 1349 quos
639 1294 683 1315 ¹²⁹
712 1297 744 1337 si
777 1309 908 1349 neque
939 1297 1089 1337 iudices
1119 1295 1313 1337 relecti'30
1350 1311 1440 1351 neq.
1472 1299 1593 1352 recip.
1623 1297 1628 1353 Ι
1655 1299 1695 1339 in
1727 1311 1814 1339 eam
1842 1310 1928 1339 rem

213 1366 291 1406 dati
322 1372 467 1406 essent.

329 1434 458 1474 XCVI.
520 1434 557 1474 Si
599 1434 688 1485 quis
726 1434 888 1473 decurio
929 1433 1014 1474 eius
1055 1434 1185 1474 colon.
1222 1433 1270 1474 ab
1307 1423 1414 1474 fivir.
1447 1435 1617 1487 praefive
1654 1435 1882 1487 postulabit,
1920 1437 1927 1486 Ι

213 1502 301 1556 u[l]i
331 1503 378 1543 ad
409 1503 646 1542 decuriones
676 1502 872 1541 reseratur
903 1502 951 1542 de
983 1502 1151 1555 pecunia
1184 1501 1342 1555 publica
1373 1502 1513 1556 de{que
1543 1503 1677 1544 multis
1706 1504 1927 1556 poenisque

214 1572 341 1623 deque
372 1571 470 1611 locis
506 1571 609 1623 agris
639 1570 812 1610 aedificis
852 1568 857 1623 Ι
900 1570 1070 1624 publicis
1101 1583 1181 1622 quo
1213 1572 1316 1611 facto
1347 1571 1462 1623 queri
1479 1568 1523 1590 ¹³²
1560 1571 1772 1612 iudicarive
1807 1585 1927 1626 opor-

214 1657 314 1691 teat:
347 1658 429 1691 tum
457 1648 462 1703 Ι
491 1639 655 1690 Hviri¹³²
685 1647 858 1702 quique³
889 1650 976 1690 iure
1005 1650 1177 1690 dicundo
1208 1651 1358 1703 praerit
1387 1650 1425 1690 d.
1456 1663 1491 1690 e.
1524 1649 1607 1690 r.¹⁰⁷
1636 1651 1766 1704 primo
1791 1649 1799 1706 Ι
1827 1663 1928 1704 quo-

215 1731 292 1771 que
325 1718 387 1758 die
418 1718 656 1758 decuriones
687 1717 884 1758 consulito
916 1716 1275 1773 decurionumlque
1306 1717 1532 1758 consultum
1562 1719 1681 1759 facito
1711 1720 1797 1769 fiat,
1838 1731 1928 1760 cum

218 1800 297 1827 non
330 1787 462 1827 minus
492 1799 544 1826 m.
575 1786 648 1839 p.⁹⁰
672 1784 678 1841 Ι
707 1785 970 1826 decurionum
1002 1786 1104 1835 atsit,
1146 1799 1236 1826 cum
1274 1799 1319 1827 ea
1348 1784 1448 1827 re¹³³
1477 1787 1722 1828 consuletur.
1781 1787 1845 1828 Uti
1874 1800 1930 1828 m.

214 1856 285 1909 p.⁹⁰
311 1853 316 1909 Ι
344 1855 620 1903 decurionum,
653 1854 721 1906 qui
751 1860 834 1894 tum
867 1854 1035 1903 aderint,
1067 1867 1265 1904 censuer.,
1297 1856 1350 1895 ita
1380 1856 1441 1896 ius
1466 1854 1474 1910 Ι
1499 1861 1710 1908 ratumque
1740 1862 1839 1896 esto.

327 1934 477 1975 XCVII.
536 1934 594 1974 Ne
625 1934 714 1986 quis
738 1922 840 1973 IIvir
871 1946 970 1973 neve
1001 1933 1088 1985 quis
1118 1947 1192 1987 pro
1224 1940 1419 1988 potestate
1449 1935 1490 1975 in
1522 1947 1565 1975 ea
1597 1935 1729 1975 colon.
1764 1933 1770 1989 Ι
1812 1935 1930 1975 facito

216 2016 313 2044 neve
344 2004 390 2043 ad
421 2003 558 2043 decur.
583 2004 730 2043 referto
762 2015 860 2042 neve
891 2002 929 2041 d.
950 1999 1039 2042 d.¹³⁴
1069 2003 1187 2042 facito
1213 2001 1220 2055 Ι
1248 2003 1326 2051 fiat,
1358 2016 1437 2056 quo
1469 2004 1558 2056 quis
1588 2004 1718 2044 colon.
1749 2001 1934 2044 colon.¹³⁵

217 2079 369 2124 patron.
417 2072 467 2112 sit
511 2067 775 2127 atopteturlve
821 2077 978 2123 praeter
1022 2083 1137 2119 eum,
1183 2069 1320 2123 que¹³⁶
1364 2085 1398 2112 c.
1430 2085 1464 2112 a.
1505 2072 1543 2114 d.
1574 2084 1608 2111 a.
1638 2069 1715 2112 i.¹³⁷
1758 2085 1806 2112 ex
1843 2072 1930 2124 lege

215 2141 312 2180 Iulia
327 2138 371 2160 ¹³⁸
402 2148 473 2187 est,
506 2142 705 2192 eumlque,
737 2139 805 2192 qui
827 2151 913 2179 eam
934 2139 1065 2179 colon.
1087 2139 1310 2189 deduxerit,
1341 2140 1486 2181 liberos
1518 2138 1804 2194 posterosve¹³⁹
1829 2137 1835 2196 Ι
1861 2153 1929 2181 eo-

216 2221 318 2258 rum,
350 2208 425 2249 nisi
456 2209 505 2248 de
536 2221 588 2248 m.
609 2207 702 2261 p.¹⁴⁰
731 2208 936 2248 decurion.
960 2206 1137 2248 erunt²⁴¹
1166 2220 1239 2260 per
1258 2208 1440 2249 tabellam
1467 2206 1472 2263 Ι
1499 2207 1807 2259 sententiam¹⁴²,
1837 2221 1929 2250 cum

217 2290 298 2317 non
321 2277 454 2317 minus
474 2277 505 2316 L
527 2277 707 2325 aderunt,
739 2289 828 2316 cum
861 2288 895 2316 e.
917 2275 997 2316 r.¹⁰⁴
1025 2274 1029 2330 Ι
1056 2277 1298 2317 consuletur.
1359 2277 1436 2324 Qui
1468 2283 1643 2318 atversus
1673 2290 1717 2318 ea
1747 2273 1928 2333 fecerim,

334 2402 411 2443 114)
435 2400 512 2436 Ser.
539 2401 615 2445 qui,
655 2402 733 2442 115)
759 2401 845 2434 cuia.
869 2419 915 2424 —
953 2401 1031 2440 116)
1056 2399 1133 2434 Bes.
1158 2419 1203 2424 -
1243 2402 1320 2443 117)
1344 2400 1465 2434 Insere
1488 2400 1544 2434 sit.
1575 2419 1619 2425 -
1657 2402 1735 2443 118)
1756 2399 1930 2434 Fortasse

216 2469 285 2492 scr.
310 2468 352 2491 ex
378 2458 608 2501 (Demburffl
633 2458 694 2491 sed
717 2456 764 2497 cf.
784 2457 904 2490 Bruns
928 2457 974 2491 kl.
992 2456 1094 2490 Schr.
1110 2457 1145 2498 2,
1158 2457 1256 2500 295).
1271 2476 1318 2481 —
1345 2458 1421 2500 119)
1446 2457 1556 2490 Plura
1572 2457 1746 2491 excidisse
1769 2458 1860 2499 (cum
1885 2456 1928 2490 de

218 2525 257 2547 ea
283 2524 317 2548 re
341 2514 502 2549 iudicium
527 2513 599 2548 fieri
625 2513 807 2559 oportebit,
833 2524 874 2547 eo
892 2513 1034 2547 absente
1058 2512 1101 2547 de
1118 2523 1160 2547 eo
1185 2513 1241 2547 cui
1263 2514 1292 2547 is
1310 2514 1486 2558 negotium
1511 2513 1658 2548 facesset
1681 2512 1928 2557 reciperatores

218 2571 405 2604 sortiuntor
427 2571 614 2605 reiciuntor
637 2581 692 2605 res
715 2569 899 2605 indicator:
937 2570 966 2605 si
991 2581 1058 2604 non
1084 2567 1206 2613 aderit)
1231 2573 1348 2604 censet
1370 2570 1527 2606 Momms.
1552 2589 1595 2595 —-
1628 2571 1706 2612 120)
1729 2568 1808 2603 Sor.
1832 2568 1926 2603 deni-

218 2627 319 2661 cales.
334 2646 377 2652 -—
404 2629 484 2671 121)
509 2628 585 2662 Ser.
603 2628 643 2662 is.
663 2646 708 2654 -
734 2629 812 2669 122)
835 2627 896 2660 Ex
912 2627 980 2660 kae
997 2627 1073 2670 lege
1088 2627 1183 2660 nihil
1198 2630 1421 2670 rogatur.—
1447 2628 1526 2670 123)
1553 2625 1616 2661 Ubi
1639 2637 1681 2659 ea
1704 2636 1761 2658 res
1785 2627 1928 2668 agetur.

216 2702 262 2708 —
289 2685 366 2726 124)
390 2684 467 2719 Ser.
492 2685 534 2720 ei.
559 2704 603 2709 —
637 2685 715 2726 125)
741 2683 818 2717 Ser.
842 2684 953 2717 serias.
979 2702 1023 2708 —
1059 2685 1136 2726 126)
1160 2683 1236 2718 Ser.
1262 2694 1376 2727 posse.
1398 2703 1442 2709 —-
1470 2684 1547 2725 127)
1573 2682 1650 2718 Ser.
1674 2691 1791 2716 earum
1814 2692 1926 2717 rerum

219 2750 372 2784 quarum.
413 2760 456 2766 —
500 2742 576 2784 128)
608 2742 731 2784 Deque
765 2752 806 2773 ea
842 2751 894 2775 re.
932 2759 978 2765 —
1020 2742 1097 2782 129)
1129 2740 1207 2775 Ser.
1244 2741 1355 2785 quasi.
1393 2759 1439 2767 —
1480 2742 1556 2782 130)
1593 2739 1670 2774 Ser.
1707 2738 1842 2772 delecti.
1880 2757 1927 2765 —-

222 2798 298 2838 131)
324 2797 400 2831 Ser.
425 2798 552 2842 quaeri.
577 2817 623 2822 —
657 2799 734 2840 132)
758 2797 836 2831 Ser.
860 2796 951 2831 Ilvir.
975 2815 1021 2822 ·-
1054 2799 1133 2837 133)
1158 2797 1236 2832 Sor.
1258 2807 1323 2832 res.
1355 2816 1400 2823 —
1439 2798 1516 2839 134)
1537 2796 1782 2829 Deam-ionum
1806 2796 1926 2830 deere-

219 2856 305 2888 tum.
336 2872 382 2878 —
421 2855 500 2896 135)
527 2855 679 2896 Gelonis,
705 2854 878 2888 coloniae.
909 2873 955 2879 —
994 2854 1070 2896 136)
1096 2854 1173 2888 Ser.
1199 2854 1264 2888 cui.
1289 2873 1332 2879 —
1371 2854 1448 2897 137)
1475 2852 1616 2886 Coloni-5
1640 2862 1814 2896 agrorum
1837 2853 1925 2887 dam.

220 2910 347 2943 dorum
379 2911 688 2954 adsignandomm
718 2913 784 2946 ius.
820 2929 865 2935 —-
904 2911 982 2954 138)
1012 2910 1142 2954 Legem
1171 2910 1303 2943 Iuliam
1336 2910 1526 2953 agrariam
1555 2909 1734 2952 intellegit
1763 2908 1925 2944 Momm.

220 2965 310 3008 Eph.
331 2978 382 3010 ep.
402 2968 423 3001 2
439 2979 474 3010 p.
488 2968 564 3002 420.
615 2967 776 3003 Ceterum
794 2967 835 3000 de
854 2967 1087 3010 adoptatione
1097 2969 1337 3010 patronorum
1362 2967 1486 3008 agitur
1509 2968 1618 2999 etiam
1642 2967 1717 3000 alio
1740 2967 1817 3000 loco
1833 2968 1925 3000 eius-

221 3022 297 3055 dem
322 3023 409 3065 legis
434 3024 529 3067 (cap.
546 3024 623 3067 450,
648 3023 749 3064 infra
772 3034 807 3067 p.
822 3023 892 3058 545
915 3024 978 3056 ubi
1000 3023 1081 3056 vide
1103 3026 1176 3057 not.
1192 3021 1291 3066 25⁴).
1326 3040 1370 3047 -—
1408 3023 1487 3063 139)
1513 3021 1591 3057 Ser.
1615 3026 1856 3068 posterosque.
1877 3041 1923 3048 —

222 3079 300 3120 140)
324 3078 476 3112 Maioris
496 3081 625 3122 partis.
651 3098 695 3104 —
723 3081 801 3122 141)
827 3079 901 3113 Ser.
928 3080 986 3123 qui
1011 3083 1081 3112 tum
1108 3078 1262 3122 aderunt,
1299 3079 1377 3120 142)
1401 3078 1582 3112 sententie.
