2092 3360
267 169 348 208 532
920 178 923 179 ⁷
985 167 1106 213 Caput
1128 167 1228 202 XIII.

266 285 311 325 T.
334 285 520 324 Munnius
542 282 817 322 Numantinus.
854 279 859 334 Ι
895 281 1009 328 Quod
1040 282 1213 322 universi
1243 294 1277 321 ν.
1309 283 1372 322 f.³:
1418 283 1463 323 Τ.
1486 283 1750 337 Pomponium
1772 285 1971 335 Bassum‘,

267 352 539 402 clarislsimum
571 351 718 398 virum,
763 349 1037 389 demandatam
1069 349 1142 389 sibi
1174 350 1334 389 curam‘
1363 350 1411 390 ab
1448 347 1454 404 Ι
1494 351 1837 404 indulgentissimo
1875 355 1971 408 imp.

268 420 429 460 Caesare
460 418 582 458 Nerva
615 418 784 457 Traiano
811 414 816 471 Ι
844 417 1021 468 Augusto
1050 415 1298 466 Germanico,
1330 429 1406 470 qua
1437 419 1659 460 aeternitati
1689 421 1820 461 ltaliae
1845 423 1852 472 Ι
1878 434 1972 463 suae

267 488 489 540 prospexit,
533 485 753 526 secundum
793 483 1066 524 liberalitatem
1107 484 1191 524 eius
1231 483 1237 540 Ι
1278 485 1331 525 ita
1370 486 1568 536 ordinare,
1615 495 1658 528 ut
1696 489 1825 530 omnis
1868 495 1973 531 aetas

268 567 384 594 curae
415 556 500 595 eius
529 554 670 594 merito
697 551 702 607 Ι
730 553 874 605 gratias
904 563 1021 604 agere
1052 551 1225 601 debeat³‚
1258 553 1529 607 futurumque,
1559 561 1604 595 ut
1632 562 1762 597 tantae
1789 556 1795 607 Ι
1822 550 1974 599 virtutis

267 623 324 662 vir
353 622 495 663 auxilio
526 622 576 662 sit
605 622 762 662 futurus
792 620 1009 672 municipio
1038 617 1042 673 Ι
1071 627 1220 667 nostro,
1252 633 1291 672 q.
1313 622 1350 661 d.
1373 634 1407 661 e.
1437 635 1470 662 r.
1498 623 1526 663 f.
1556 636 1610 676 p.,
1641 623 1678 663 d.
1700 637 1735 664 e.
1763 637 1795 664 r.
1817 624 1843 665 i.
1864 624 1936 665 c.⁰:
1963 622 1971 680 Ι

266 691 428 731 Placere
474 690 712 743 conscriptis
756 689 906 741 legatos
951 700 998 728 ex
1044 688 1119 727 hoc
1162 688 1302 729 ordine
1344 686 1350 742 Ι
1391 690 1491 731 mitti
1535 692 1581 732 ad
1621 692 1667 734 T.
1707 692 1972 747 Pomponium

267 759 448 806 Bassum,
480 755 752 813 clarissilmum
783 757 929 804 virum,
961 756 1027 809 qui
1058 756 1105 796 ab
1138 759 1184 796 eo
1215 758 1446 809 impetrent,
1479 758 1518 799 in
1551 760 1784 811 clienltelam
1814 761 1973 814 amplis·

267 828 388 867 simae
418 826 558 867 domus
588 839 681 867 suae
702 825 974 878 munilcipium
1007 831 1187 866 nostrum
1218 825 1396 878 recipere
1426 826 1622 879 dignetur,
1649 828 1656 883 Ι
1684 837 1974 883 patronumque

267 908 309 935 se
339 894 538 948 cooptari,
576 894 708 934 tabula
744 892 750 949 Ι
784 894 968 946 hospitali
1007 893 1130 933 incisa
1161 893 1236 933 hoc
1267 893 1426 934 decreto
1466 895 1507 934 in
1539 896 1657 936 domo
1691 899 1698 947 Ι
1734 909 1804 938 sua
1834 898 1973 950 posita,

268 963 482 1015 permittat.
542 963 754 1004 Censuere.
867 962 873 1016 Ι
902 961 1081 1014 Egerunt
1120 961 1256 1014 legati:
1291 961 1297 1017 Ι
1332 963 1376 1002 A.
1408 962 1598 1004 Caecilius
1627 966 1673 1005 A.
1703 965 1730 1005 f.
1762 963 1974 1011 Quirinalis

269 1040 307 1071 et
333 1030 339 1086 Ι
367 1031 592 1078 Quirinalis.

381 1097 513 1131 Romae
537 1109 609 1141 rep.
634 1099 673 1130 in
699 1096 897 1139 Quirinali,
923 1099 995 1129 iam
1012 1096 1231 1138 Florentiae,
1257 1098 1379 1131 tabula
1396 1108 1506 1131 aenea
1532 1098 1602 1142 (VI
1615 1098 1723 1141 4492;
1747 1097 1794 1139 cll
1811 1099 1976 1132 Haeoner

269 1167 324 1190 eoe.
349 1167 416 1188 scr.
442 1159 555 1198 epigr.
579 1166 615 1188 n.
631 1155 726 1198 875).
752 1173 796 1179 —
823 1156 856 1196 1)
882 1154 1050 1189 Consules
1073 1154 1243 1187 videntur
1265 1153 1380 1194 fuisse
1404 1166 1437 1189 a.
1454 1155 1515 1189 404
1542 1154 1587 1195 cf.
1615 1156 1772 1190 Martial.
1790 1155 1845 1198 42,
1860 1156 1896 1197 5,
1913 1156 1976 1199 40,·

268 1212 461 1246 Mommsen
486 1212 635 1245 Hermae
657 1212 725 1246 vol.
742 1212 767 1246 5
788 1222 824 1255 p.
842 1210 969 1253 425211.
1004 1229 1050 1235 —
1085 1211 1118 1252 2)
1144 1211 1314 1244 Senatum
1338 1211 1605 1246 consuluerunt.
1640 1232 1686 1237 —
1722 1214 1756 1256 3)
1782 1213 1898 1247 Verba
1923 1211 1976 1252 fe-

270 1273 405 1304 cerunt.
436 1289 481 1294 —-
510 1270 544 1310 4)
570 1269 666 1302 Idem
688 1279 799 1312 supra
824 1267 869 1302 Ν.
884 1269 972 1301 5840
997 1266 1088 1310 (not.
1104 1268 1153 1309 4).
1183 1287 1228 1292 -
1266 1269 1299 1311 5)
1325 1267 1455 1302 Curam
1479 1269 1675 1312 Pomponio
1698 1269 1808 1303 Basso
1833 1269 1975 1303 deman-

270 1327 391 1359 datam
405 1327 622 1369 pertinuisse
637 1326 686 1359 ad
695 1327 870 1368 pecunias
886 1325 1134 1358 alimentarias
1147 1326 1367 1368 perspicitur
1382 1336 1429 1358 ex
1446 1325 1567 1358 tabula
1586 1325 1743 1359 Veleiate
1757 1325 1803 1360 N.
1814 1327 1900 1361 6675
1913 1327 1975 1366 (=

269 1384 320 1417 XI
335 1383 432 1427 4447)
449 1393 533 1425 pag.
549 1384 585 1423 5,
601 1382 656 1416 45.
671 1383 730 1417 55.
749 1400 794 1407 -
818 1383 852 1421 6)
878 1381 974 1422 Quid
996 1381 1038 1414 de
1062 1393 1103 1414 ea
1127 1392 1167 1414 re
1191 1381 1272 1422 fieri
1293 1381 1460 1423 placeret,
1485 1382 1527 1414 de
1549 1393 1591 1414 ea
1615 1394 1654 1415 re
1677 1385 1730 1416 ita
1749 1386 1975 1416 consuerunt.

384 1462 495 1509 6107
555 1464 644 1504 Sex.
677 1463 851 1516 Sulpicio
883 1463 1058 1502 Tertullo
1086 1463 1090 1517 Ι
1119 1463 1166 1510 Q.
1188 1463 1326 1504 Tineio
1357 1464 1569 1504 Sacerdote
1598 1466 1695 1505 cos.¹
1720 1464 1727 1519 Ι
1764 1465 1802 1505 k.
1833 1463 1974 1520 Sept.)

273 1530 458 1588 [c]olonia
489 1528 617 1587 Iuli[a]
650 1533 825 1583 Augusta
859 1528 1050 1587 [U]s[el]is
1081 1529 1305 1585 hospitilum
1342 1532 1438 1572 fecit
1474 1544 1565 1572 cum
1595 1532 1646 1572 M.
1677 1533 1823 1573 Aristio
1852 1529 1976 1588 Ba[l]-

271 1601 366 1641 hino
398 1601 595 1652 Atilniano
627 1595 821 1656 eum[que]
858 1600 932 1640 sibi
962 1600 1097 1640 liberis
1128 1600 1338 1652 posterisq.
1374 1598 1380 1653 Ι
1414 1599 1496 1640 suis
1532 1595 1773 1656 patr0[num]
1814 1608 1975 1653 coopta—

271 1677 425 1709 verunt.
467 1668 471 1723 Ι
514 1668 564 1708 Μ.
596 1668 763 1708 Aristius
801 1667 989 1708 Balbinus
1027 1668 1235 1708 Atinianus
1279 1665 1506 1723 hoslpitium
1554 1668 1648 1708 fecit
1691 1680 1782 1708 cum
1826 1669 1975 1722 populo

273 1738 403 1777 colon.
435 1737 556 1777 Iuliae
588 1733 596 1791 Ι
632 1739 729 1788 Aug.
762 1735 900 1783 Uselis,
931 1736 1077 1776 liberos
1107 1742 1368 1789 posterosque
1407 1733 1557 1791 eolrum
1594 1736 1635 1776 in
1667 1736 1784 1776 fidem
1814 1736 1976 1777 cliente·

272 1805 428 1857 lamque
448 1817 559 1845 suam
588 1803 593 1858 Ι
620 1817 863 1857 suorumque
884 1804 1047 1856 recepit.
1076 1804 1082 1857 Ι
1108 1803 1291 1856 Egerunt
1310 1804 1426 1856 legati
1452 1803 1458 1859 Ι
1486 1804 1529 1844 L.
1551 1800 1779 1860 Fabriciu[s]
1811 1803 1978 1846 Faustus

273 1873 366 1913 llvir
405 1885 496 1925 qq.‚
543 1873 631 1913 Sex.
663 1873 800 1914 Iunius
832 1873 1072 1922 Cassilanus,
1119 1871 1158 1914 C.
1191 1872 1356 1925 Asprius
1390 1871 1516 1921 Felix,
1563 1873 1603 1913 C.
1635 1872 1827 1913 Antistius
1860 1872 1979 1914 Vetus

272 1941 391 1981 scrib.

386 2008 428 2041 In
460 2018 550 2050 agro
577 2007 798 2050 Caralitano,
830 2005 985 2046 fortasse
1006 2017 1119 2050 prope
1144 2008 1261 2040 vicum
1287 2006 1432 2047 Usellus,
1462 2007 1525 2039 ubi
1552 2005 1661 2041 Uselis
1688 2007 1832 2040 videtur
1854 2005 1979 2050 fuisse,

274 2075 361 2107 rep„
386 2068 437 2097 est
455 2064 630 2107 Cagliari,
656 2065 781 2098 tabula
797 2074 906 2097 aenea
932 2062 983 2105 (Χ
995 2064 1081 2097 7845
1107 2064 1199 2096 vidit
1222 2063 1415 2097 Mommsen
1421 2075 1435 2104 ,-
1459 2062 1506 2101 cf.
1525 2063 1690 2096 Huebner
1705 2074 1762 2097 em.
1777 2074 1846 2098 scr.
1863 2065 1978 2108 epigr.

274 2123 415 2161 view).
438 2140 483 2146 —
510 2123 541 2163 1)
565 2121 609 2155 A.
630 2121 706 2154 438.

388 2200 502 2247 6108
560 2203 738 2243 Materno
770 2210 809 2242 et
840 2198 1059 2258 Br[a]d[ua]
1098 2201 1104 2257 Ι
1139 2203 1234 2242 cos.²
1266 2198 1389 2258 [lc]al.²
1417 2202 1577 2242 Novem.
1609 2202 1831 2255 respublica
1862 2202 1979 2243 Pom·

275 2271 503 2325 pelonensis
530 2269 535 2325 Ι
563 2283 653 2310 cum
677 2271 718 2310 P.
741 2270 979 2324 Sempronio
1002 2270 1177 2310 Taurino
1204 2269 1210 2324 Ι
1238 2265 1555 2326 Dam[a]nitano³
1583 2269 1719 2310 liberis
1738 2269 1947 2323 posterisq.
1969 2267 1977 2323 Ι

276 2340 360 2380 eius
390 2339 605 2392 hospitium
636 2339 763 2379 iunxit
793 2336 976 2392 eumlque
1005 2337 1080 2379 sibi
1112 2338 1234 2378 civem
1268 2343 1308 2378 et
1336 2343 1550 2391 patronum
1576 2338 1582 2389 Ι
1608 2338 1817 2391 cooptavit.
1845 2335 1851 2392 Ι
1878 2337 1980 2390 Ege-

277 2414 372 2448 runt
401 2407 446 2446 T.
468 2407 666 2447 Antonius
696 2402 902 2458 Palternus
932 2412 973 2447 et
1001 2402 1076 2462 [L]
1109 2405 1298 2446 Caecilius
1324 2405 1331 2459 Ι
1357 2406 1547 2446 Aestivus.

391 2473 626 2516 Pompaelone
649 2473 880 2517 (Pamplona)
906 2484 980 2516 rep.
1005 2484 1079 2506 una
1104 2482 1183 2505 cum
1207 2472 1253 2508 N.
1276 2473 1377 2516 6404,
1408 2473 1530 2506 tabula
1555 2482 1664 2505 aenea
1688 2469 1745 2517 (11
1766 2471 1852 2504 2⁹60
1875 2470 1982 2503 semel

278 2531 454 2573 descripta
470 2540 561 2563 saec.
574 2529 706 2571 XVII).
724 2550 767 2555 —
795 2532 827 2572 1)
851 2530 895 2564 A.
907 2530 984 2564 485.
1008 2548 1052 2554 -
1079 2531 1113 2572 2)
1137 2529 1202 2563 cal.
1225 2531 1395 2564 traditur.
1411 2548 1457 2554 -
1482 2530 1516 2570 3)
1542 2527 1596 2568 Cli
1615 2528 1704 2564 Plin.
1719 2528 1753 2560 11.
1768 2538 1805 2562 n.
1821 2529 1857 2570 5,
1872 2529 1908 2569 3,
1923 2527 1980 2568 24,

277 2587 366 2620 Plol.
388 2588 424 2627 2,
447 2588 477 2626 6,
501 2588 556 2621 65.

391 2665 504 2711 6109
558 2668 652 2720 imp.
675 2667 784 2708 Caes.
818 2669 867 2708 M.
889 2670 982 2708 Aur.
1015 2669 1161 2709 Severo
1193 2668 1414 2708 Alexandro
1441 2669 1447 2718 Ι
1474 2668 1568 2707 cos.¹
1601 2664 1716 2706 eidib.
1746 2664 1947 2716 Aprilibus
1973 2667 1980 2714 Ι

281 2734 492 2774 concilium
522 2731 743 2776 conventus
774 2733 1006 2793 Clunien[s.]
1035 2735 1042 2790 Ι
1069 2737 1115 2777 G.
1137 2737 1311 2783 Marium,
1333 2735 1552 2776 Pudentem
1582 2730 1872 2785 Cornelialnum
1903 2732 1982 2785 leg.

280 2802 383 2854 legff,
423 2815 457 2842 c.
489 2816 537 2850 v.,
574 2810 788 2855 patronum
814 2804 820 2859 Ι
856 2804 930 2845 sibi
960 2804 1097 2845 liberis
1126 2805 1375 2857 posterisque
1404 2803 1484 2844 suis
1509 2801 1517 2856 Ι
1550 2800 1747 2854 cooptavit
1778 2799 1828 2840 ob
1859 2799 1980 2840 multa

281 2878 320 2910 et
340 2872 494 2922 egregia
521 2869 527 2925 Ι
555 2872 639 2912 eius
660 2873 698 2911 in
721 2872 899 2923 singulos
932 2873 1225 2926 universosfque
1255 2871 1416 2919 merita,
1446 2883 1517 2923 per
1546 2870 1717 2922 legatum
1744 2867 1750 2920 Ι
1778 2867 1859 2908 Val.
1877 2868 1981 2908 Mar·-

282 2938 420 2977 cellum
448 2937 454 2992 Ι
482 2938 747 2979 Cluniensem.

394 3003 524 3037 Romae
548 3016 621 3048 rep.
646 3007 686 3038 in.
709 3006 898 3048 Aventino,
932 3009 983 3038 est
1005 3008 1045 3039 in
1070 3006 1279 3040 bibliotheca
1306 3005 1500 3045 Vaticana,
1525 3002 1647 3036 tabula
1672 3012 1781 3036 aenea
1805 3001 1876 3047 (Vl
1897 3001 1981 3036 4454

283 3059 374 3091 vidit
397 3060 438 3092 de
451 3060 578 3103 Rom').
590 3079 636 3086 -
663 3063 694 3101 1)
717 3063 762 3095 A.
780 3063 861 3095 222.
877 3081 923 3087 —
948 3064 981 3100 2)
1005 3062 1180 3102 Legatum
1197 3062 1349 3103 legionis
1366 3061 1550 3102 (septimae
1568 3058 1736 3092 Geminae
1750 3062 1792 3091 ut
1807 3058 1980 3094 videtur).
