2092 3360
304 163 358 203 6'6
1053 161 1173 207 eaput
1195 161 1258 197 ΧῙ.

416 276 530 323 3510
578 278 712 317 Bonae
741 277 836 316 (leae
864 274 869 331 Ι
897 276 1062 316 Arcensi
1091 277 1316 329 triumphal.
1345 276 1351 331 Ι
1378 276 1527 316 Valeria
1558 276 1765 329 Amaryllis
1790 274 1797 331 Ι
1823 289 1858 316 v.
1880 289 1911 317 s.
1931 276 1958 317 l.
1979 288 2014 317 a.

419 345 559 378 Mass-ae
577 355 692 388 prope
714 343 843 376 Albam
867 342 1062 376 Fucentem
1086 354 1174 387 rep„
1198 344 1327 377 tabella
1352 355 1461 377 aenea
1489 343 1596 387 (Eph.
1613 354 1666 387 ep.
1683 344 1716 385 8,
1733 344 1801 378 485
1824 344 1902 377 Ihm
1925 343 2016 377 vidit

306 404 500 445 ectypum).
1267 424 1270 426 .

417 491 526 537 3511
561 492 600 535 C.
620 492 772 533 Tullius
798 492 953 544 Hesper
979 491 986 545 Ι
1013 498 1051 532 et
1071 492 1197 532 Tullia
1215 493 1408 534 Restituta
1434 495 1441 544 Ι
1468 493 1602 532 Bonae
1633 493 1729 533 deae
1758 490 2018 547 Annialuensi

304 561 538 602 sanctissim.
568 559 573 612 Ι
601 560 748 599 donum
776 558 782 614 Ι
809 566 1044 613 posuerunt.

420 627 551 660 Romae
574 627 677 669 olim,
700 638 797 660 nunc
820 626 995 660 Londinii
1019 626 1089 667 (VI
1109 628 1152 660 69
1177 625 1224 666 cf.
1250 627 1341 670 ΕρΙι.
1367 637 1419 670 ep.
1443 629 1474 667 4,
1490 626 1559 661 722
1583 627 1675 660 vidit
1698 627 1892 671 Huebner).

418 718 534 764 3512
583 718 716 758 Bonae
747 718 842 758 deae
873 719 1141 759 sanctissimae
1169 717 1175 773 Ι
1207 719 1364 760 caelesti
1394 720 1438 759 L.
1461 719 1683 771 Paquedius
1713 719 1865 770 Festus,
1893 718 1900 778 Ι
1925 719 2019 760 red-

306 794 463 841 emptor
501 799 668 839 operum
707 786 876 827 Caesar.¹
903 785 909 839 Ι
937 793 975 826 et
1013 787 1288 839 puplicorum,
1330 788 1464 828 aedem
1503 787 1657 827 diritam
1685 785 1691 842 Ι
1718 788 1872 835 refecit,
1912 788 2017 840 quod

305 856 499 897 adiutorio
531 856 616 896 eius
644 852 649 908 Ι
676 855 799 894 rivom
831 866 955 906 aquae
986 854 1168 895 Claudiae
1198 856 1380 908 August.²
1405 855 1412 910 Ι
1437 855 1511 896 sub
1542 862 1678 895 monte
1707 855 1891 895 Aeflano⁸
1921 868 2018 896 con-

306 920 537 978 summalvit‚
577 923 671 974 imp.
704 922 848 962 Domit.
872 922 1026 962 Caesar.
1049 925 1148 975 Aug.
1172 923 1302 963 Germ.
1325 923 1431 963 Xllll
1464 936 1558 972 cos„
1590 923 1620 962 V
1642 936 1739 963 non.
1760 923 1848 963 1u1.⁴

424 990 514 1023 Olim
539 990 578 1022 in
603 991 682 1021 vico
707 988 743 1022 S.
763 987 933 1031 Gregorii
955 991 1053 1022 inter
1081 989 1195 1023 Tibur
1218 993 1251 1022 et
1274 991 1471 1033 Praeneste,
1498 1001 1566 1033 quo
1591 990 1715 1023 adlata
1738 1001 1812 1023 esse
1835 990 2022 1024 dicebatur

307 1058 353 1080 ea:
383 1049 502 1079 monte
533 1046 568 1079 S.
593 1045 725 1088 Angeli
753 1048 822 1078 sito
854 1046 951 1078 inter
980 1048 1098 1079 vicum
1130 1047 1232 1080 illam
1263 1050 1302 1083 et,
1324 1046 1436 1080 Tibur
1466 1047 1579 1088 (XIV
1596 1048 1690 1082 5550
1717 1049 1859 1091 partem
1888 1046 2021 1081 Romae

308 1103 399 1136 vidit
421 1103 633 1144 Bormann).
663 1121 710 1126 —
742 1102 775 1144 1)
801 1101 964 1135 Caesaris
989 1102 1062 1146 (vel
1086 1103 1417 1145 Caesarianorum).
1448 1123 1493 1128 —
1523 1105 1556 1146 2)
1585 1103 1638 1144 Cf.
1662 1114 1773 1147 supra
1796 1103 1842 1138 Ν.
1864 1105 1943 1139 218.
1974 1122 2020 1128 --

307 1161 339 1202 3)
365 1159 539 1199 Aefulam
564 1159 750 1202 oppidum,
783 1169 804 1191 a
829 1169 899 1201 quo
929 1168 1057 1193 nomen
1087 1161 1164 1192 sine
1194 1160 1301 1193 dubio
1326 1161 1451 1193 habuit
1481 1171 1584 1194 mons
1608 1161 1791 1203 Aeflanus,
1820 1164 2021 1195 memorant

307 1217 433 1251 Horat.
454 1227 563 1250 earm.
587 1217 623 1258 3,
640 1217 697 1259 29,
712 1217 733 1249 6
757 1218 791 1247 et
814 1215 892 1249 Liv.
919 1217 974 1259 26,
990 1218 1059 1258 9‚9
1085 1215 1149 1257 (cf.
1176 1217 1261 1252 CIL.
1287 1219 1309 1250 l.
1327 1217 1386 1261 c.).
1413 1236 1454 1241 -
1486 1218 1520 1258 4)
1544 1217 1647 1252 alul.
1665 1219 1721 1252 88.

420 1307 534 1353 3513
583 1309 691 1349 Felix
722 1308 906 1361 publicus
933 1307 940 1360 Ι
966 1308 1177 1349 Asinianus
1208 1309 1400 1362 pontific.¹
1428 1308 1433 1364 Ι
1462 1309 1594 1349 Bonae
1632 1310 1727 1350 deae
1764 1310 1909 1361 agresti
1943 1310 2021 1351 Fe-

307 1377 416 1417 licu.²
441 1375 448 1432 Ι
474 1383 606 1417 votum
638 1377 751 1417 solvit
782 1377 974 1416 iunicem³
1011 1377 1096 1417 alba
1129 1383 1213 1424 (sic)
1241 1375 1247 1431 Ι
1274 1377 1402 1417 libens
1431 1377 1562 1417 animo
1599 1377 1648 1418 ob
1680 1377 1898 1418 luminibus
1922 1374 1929 1433 Ι
1955 1390 2018 1418 re-
2090 1399 2092 1401 ·

309 1445 467 1494 sumtis,
502 1444 712 1485 derelictus
742 1458 762 1484 a
794 1445 956 1486 medicis
985 1451 1076 1498 post
1101 1444 1107 1501 Ι
1135 1458 1293 1485 menses
1324 1446 1458 1485 decem
1491 1445 1675 1485 bineficio
1701 1449 1786 1494 (sic)
1818 1446 2021 1487 dominaes

307 1513 514 1553 medicinis
551 1518 712 1554 sanatus
750 1511 854 1568 per}
889 1526 986 1553 eam.
1041 1513 1236 1554 Restituta
1277 1513 1408 1553 omnia
1450 1513 1670 1553 ministerio
1711 1513 1883 1554 Canniae
1922 1513 2022 1554 For·
2086 1543 2092 1563 :

308 1587 482 1622 tunatae.

417 1647 559 1688 Romae,
577 1659 652 1691 rep.
670 1652 711 1681 ut
727 1648 869 1681 videtur
886 1648 935 1680 ad
950 1648 1104 1691 lapidem
1122 1648 1250 1681 tertiae
1267 1649 1346 1680 viae
1361 1647 1532 1680 Ostiensis
1549 1647 1675 1688 (V168
1689 1648 1780 1682 vidit
1792 1649 1964 1692 Henzen).
1977 1668 2019 1674 —

313 1706 346 1747 1)
371 1704 595 1745 Pontificum.
633 1704 765 1738 Servus
776 1705 945 1748 publicus
960 1703 1086 1744 fuerat
1111 1715 1132 1737 a
1155 1705 1271 1737 sacris
1292 1703 1572 1747 pontificalibus.
1587 1722 1634 1728 -—
1657 1706 1693 1745 2)
1709 1704 1900 1739 Fortasse:
1922 1705 2022 1740 Feli-

312 1762 423 1802 culae,
448 1764 489 1793 ut
512 1771 639 1794 nomen
655 1762 764 1795 Felioe
787 1761 962 1793 indiderit
978 1761 1101 1794 Bonae
1126 1761 1212 1794 deae
1236 1771 1258 1793 a
1282 1763 1425 1793 nomine
1448 1770 1524 1795 suo.
1540 1779 1585 1785 —
1611 1761 1645 1801 3)
1672 1760 1724 1800 Cf.
1741 1760 1843 1801 ins'ra
1861 1761 1906 1796 N.
1917 1763 2022 1798 3824.

425 1851 540 1898 3514
588 1854 721 1893 Bonae
744 1839 846 1893 >deae
873 1850 878 1908 Ι
906 1853 1066 1906 Hygiae.

424 1919 572 1960 Romae,
609 1921 703 1953 basis
731 1923 872 1953 statuae
896 1930 1040 1962 parvae
1069 1919 1232 1951 mulieris
1254 1918 1425 1959 sedentis,
1461 1920 1565 1952 euius
1593 1930 1682 1962 pars
1713 1921 1880 1963 superior
1907 1922 2023 1964 periit
2089 1927 2092 1962 j

312 1977 384 2020 (VI
403 1977 446 2011 72
471 1977 563 2010 vidit
587 1977 757 2017 Henzen).

424 2067 537 2113 3515
582 2069 716 2108 Bonae
745 2069 842 2109 deae
864 2068 1005 2108 Veneri
1031 2068 1191 2108 Gnidiae
1216 2066 1223 2122 Ι
1250 2067 1295 2107 D.
1318 2067 1456 2107 Iunius
1477 2067 1683 2108 Annianus
1703 2067 1954 2121 Hymenaeus
1983 2075 2023 2110 et

311 2136 457 2177 invicta
487 2136 593 2188 spira
625 2133 968 2192 [P]haedimiana¹.

425 2202 558 2236 Romae
582 2202 683 2245 olim,
714 2213 811 2236 nunc
837 2202 970 2235 Ooeonii
994 2202 1065 2243 (VI
1083 2202 1125 2235 76
1154 2202 1247 2234 vidit
1270 2201 1463 2245 Huebner).
1493 2219 1540 2227 -
1573 2202 1606 2244 1)
1630 2203 1665 2235 et
1688 2200 1901 2235 haedimiana
1931 2202 2022 2245 legit

314 2260 477 2293 Huebner
506 2269 585 2292 cum
605 2258 798 2302 plerisque.
839 2258 968 2302 Spirae
991 2258 1167 2291 sodalicia
1188 2257 1366 2291 Bacchica
1392 2258 1490 2290 diota
1515 2257 1581 2299 (ef
1604 2268 1716 2302 supra
1739 2256 1785 2292 Ν.
1799 2257 1902 2293 5567.
1916 2259 2020 2294 5369.

310 2316 413 2358 5570,
443 2316 529 2348 item
552 2311 655 2354 infra
679 2316 776 2348 inter
799 2316 986 2348 numinum
1014 2313 1270 2348 Thraeieorum
1296 2313 1448 2358 titulos),
1479 2314 1542 2347 sed
1564 2315 1671 2347 etiam
1696 2313 1850 2348 aliorum
1874 2314 2021 2348 deorum

313 2372 375 2417 (Ν.
390 2371 790 2414 5270),P}1aedimiana
815 2372 901 2404 haec
924 2373 1023 2414 spira
1048 2371 1228 2414 appellata
1252 2370 1408 2410 fortasse
1425 2381 1445 2403 a
1463 2370 1658 2413 conditore,
1682 2373 1723 2404 ut
1744 2380 1855 2414 supra
1872 2370 2022 2406 Νὸὄθθ
2051 2376 2059 2382 ”

312 2430 450 2462 thiasus
466 2428 705 2463 Placidianus.
754 2427 884 2471 Spirae
906 2430 1039 2461 mentio
1063 2430 1103 2460 in
1128 2427 1353 2460 dedicatione
1376 2427 1524 2460 donarii
1546 2427 1717 2460 adiuncta
1740 2426 1790 2460 ad
1808 2437 1936 2460 nomen
1958 2428 2022 2461 Ιιο-

311 2487 419 2519 minis
442 2488 492 2518 est
516 2487 621 2518 etiam
644 2493 757 2528 supra
783 2483 829 2518 Ν
845 2485 937 2519 3270
962 2483 1195 2528 (Mommseno
1219 2485 1364 2517 videtur
1387 2483 1613 2517 retinendum
1637 2486 1681 2526 et,
1705 2485 1740 2515 et
1762 2483 2022 2527 intellegendae

312 2542 405 2575 duae
427 2544 557 2584 spirae,
581 2542 715 2574 invicta
741 2544 775 2574 et
797 2541 1083 2583 Phaedimiana).

423 2633 537 2679 3516
586 2634 720 2674 Bonae
750 2634 844 2674 deae
871 2632 878 2687 Ι
905 2639 944 2674 et
972 2634 1173 2674 Panthaeo
1196 2637 1292 2682 (sic),
1327 2630 1333 2686 Ι
1368 2631 1503 2681 Diane,
1541 2629 1819 2686 Silvanalbusss
1847 2628 1854 2685 Ι
1879 2631 2018 2672 G.1u1.

312 2702 455 2743 Valens
481 2701 486 2758 Ι
514 2703 637 2755 praef.
669 2703 744 2755 leg.
765 2701 800 2741 ll
831 2701 914 2743 Adi.
943 2699 949 2757 Ι
977 2730 1156 2742 .......
1161 2700 1177 2722 ²
1204 2701 1210 2753 Ι
1236 2714 1276 2754 p.
1299 2701 1324 2740 f.
1357 2712 1403 2740 ex
1433 2703 1537 2739 voto.

426 2769 585 2812 Aquinci
606 2780 682 2812 rep.
707 2768 780 2813 (111
794 2768 830 2802 S.
842 2768 951 2802 40394
974 2768 1068 2801 vidit
1083 2765 1378 2806 Domaszewski).
1396 2784 1440 2790 —
1467 2765 1500 2807 1)
1525 2763 1578 2804 Cf.
1603 2763 1706 2804 infra
1729 2763 1776 2800 Ν.
1790 2764 1878 2801 3571
1890 2776 2020 2810 seq.—

314 2827 347 2869 1)
371 2826 527 2860 Erasum
551 2836 729 2869 agnomen
755 2825 889 2868 legioni
911 2825 1146 2858 inhonorem
1170 2823 1399 2867 imperatoris
1422 2822 1639 2865 impositum.

424 2927 537 2974 3517
587 2930 794 2981 collegium
823 2926 829 2982 Ι
855 2928 1052 2968 cultorum
1078 2927 1085 2981 Ι
1112 2926 1247 2967 Bonae
1275 2926 1371 2966 deae
1395 2925 1402 2980 Ι
1430 2925 1619 2965 caelestis.

429 2994 582 3035 Venafri
606 2995 657 3036 (X
676 2996 761 3029 4849
784 2993 940 3035 sortasse
962 2993 1070 3027 semel
1093 2996 1234 3027 tantum
1257 2990 1464 3035 descripta).
