2092 3360
207 165 288 204 348
942 161 1061 206 Caput
1084 161 1184 196 x111.

320 279 433 325 5318
493 279 532 319 C.
564 277 775 324 Quinctius
806 276 846 316 C.
875 277 902 316 f.
932 276 1057 328 Valg.¹
1095 283 1252 329 patron.
1284 276 1454 324 munic.‚
1490 276 1496 330 Ι
1531 277 1582 317 Μ.
1603 277 1717 331 Magi.
1745 279 1840 320 Min.
1871 281 1916 320 f.²

206 350 343 396 Surus,
375 350 420 388 A.
442 346 635 386 Patlacius
666 344 712 391 Q.
745 345 786 393 f.‚
825 342 829 398 Ι
864 344 1022 392 ΙΙΙΙνίΓ.,
1064 345 1100 384 d.
1132 357 1163 384 s.
1195 344 1243 384 s.³
1273 350 1407 397 portas
1436 346 1580 385 turreis
1608 346 1756 387 moiros
1789 345 1796 402 Ι
1830 354 1914 389 tur-

205 418 361 468 reisque
392 426 535 466 aequas
567 425 660 465 qum
691 412 817 452 moiro
844 412 850 467 Ι
878 412 1106 453 faciundum
1138 412 1402 452 coiraverunt.

318 494 468 527 Aeclani
491 503 565 535 rep.
591 491 629 532 (J
641 491 742 525 4250.
768 490 820 524 IX
834 490 918 524 4440
942 491 1036 524 vidit
1059 491 1275 532 Mommsen;
1303 492 1498 534 imaginem
1521 490 1658 525 Bitschl
1680 493 1750 526 tab.
1767 492 1914 536 LXXc).

204 552 264 584 Em
296 551 409 583 altero
441 548 603 592 eoeemplo
636 547 793 581 eiusdem
824 549 1076 592 inscriptionis
1108 548 1280 581 videntur
1308 558 1488 590 superesse
1517 546 1723 591 fragmenta
1751 548 1806 582 IX
1822 549 1916 586 4444.

204 627 248 632 -
275 608 306 649 1)
332 606 472 649 Valgus
497 607 555 639 hic
580 605 723 638 videtur
747 615 819 637 esse
843 615 945 638 socer
969 605 1007 639 P.
1022 605 1171 639 Servilii
1186 603 1285 638 Rulli
1308 606 1372 648 qui
1387 616 1420 639 a.
1436 615 1471 638 u.
1491 616 1518 639 c.
1531 605 1592 639 694
1619 606 1785 639 tribunus
1805 605 1919 650 plebis

205 665 315 707 legem
340 666 530 706 agrariam
548 661 801 706 promulgavit
826 661 914 702 (Cic.
932 662 975 695 de
992 662 1059 704 leg.
1076 672 1156 705 agr.
1172 663 1209 705 5,
1225 662 1256 703 4,
1271 662 1325 706 5).
1364 660 1417 701 Cf.
1442 673 1533 705 quae
1556 664 1708 705 eoeposui
1730 663 1849 697 Herm.
1864 663 1920 702 48.

204 721 292 755 4885
313 731 351 763 p.
369 721 436 754 620
449 731 520 763 seq.
568 719 665 752 Idem
690 719 918 761 Pompeianis
948 719 1250 762 amphitheatrum
1279 721 1314 750 et
1344 719 1524 752 theatrum
1556 722 1685 753 tectum
1715 719 1921 761 aedificavit

206 780 253 818 (υ.
270 776 373 817 infra
391 776 439 810 N.
456 777 557 810 5627.
573 775 678 820 5656)
688 788 701 817 ,·
727 776 822 808 idem
837 778 1057 809 memoratur
1075 777 1114 808 in
1131 775 1236 809 titulo
1255 776 1376 808 liberti
1390 775 1425 809 X
1435 777 1530 810 5282
1543 793 1587 806 ---
1599 776 1792 810 Buecheler
1808 788 1918 811 carm.

205 836 318 878 epigr.
344 834 399 869 42.
435 852 480 857 -—
517 834 551 875 2)
576 832 622 866 Μ.
639 832 783 875 Magius
806 831 942 865 Minati
963 832 1073 873 filius.
1121 832 1282 866 Minatus
1307 832 1385 876 (sic,
1413 844 1486 866 non
1511 833 1705 877 Minatius‚
1740 832 1785 873 cs:
1809 844 1919 877 supra

204 890 250 926 N.
267 891 375 935 5206)
402 890 547 933 Magius
564 889 814 932 Aeclanensis‚
834 893 942 932 paler
966 890 1074 922 huius
1097 889 1145 923 M.
1161 888 1279 932 Magii
1297 889 1401 933 Suri,
1426 890 1513 924 bello
1531 890 1658 924 Italico
1677 890 1727 935 (a.
1744 902 1780 925 u.
1797 902 1826 924 c.
1841 892 1919 932 664)

205 947 447 981 Romanorum
460 950 584 990 partes
600 946 743 980 adiuvit
759 949 794 979 et
811 948 852 979 ob
872 957 949 979 eam
966 957 1042 980 rem
1059 948 1206 979 civitate
1222 946 1377 980 donatus
1395 950 1455 989 est,
1473 950 1557 980 teste
1577 948 1709 982 Velleio
1721 948 1920 988 Paterculo,

206 1007 270 1048 qui
287 1016 333 1037 ea:
352 1006 507 1047 posteris
532 1005 608 1036 eius
631 1015 668 1036 se
693 1015 766 1036 esse
787 1003 976 1045 gloriatur
1002 1003 1109 1046 (Vell.
1126 1004 1161 1043 2,
1178 1002 1247 1047 46).
1272 1021 1316 1027 --
1342 1004 1374 1045 3)
1398 1004 1451 1036 De
1474 1007 1619 1037 senatus
1641 1007 1828 1039 sententia.

320 1107 431 1153 5319
492 1108 535 1148 Ρ.
558 1108 686 1148 Attius
717 1108 762 1149 P.
786 1108 812 1147 f.
835 1107 984 1148 Vaarus
1014 1108 1089 1161 leg.
1121 1120 1195 1160 pro
1220 1120 1291 1160 pr„
1321 1106 1325 1163 Ι
1354 1108 1395 1148 C.
1419 1108 1626 1149 Considius
1647 1107 1688 1148 C.
1711 1109 1736 1148 f.
1758 1108 1920 1160 Longus

206 1178 281 1230 leg.
308 1190 381 1230 pro
404 1178 494 1230 pr.¹,
522 1176 527 1231 Ι
556 1189 735 1225 murum,
767 1181 911 1224 turres,
943 1175 1206 1229 posteicuus²,
1234 1174 1240 1230 Ι
1268 1177 1410 1216 fossam
1442 1176 1672 1217 faciundum
1701 1189 1831 1227 coer.;
1852 1173 1857 1231 Ι
1875 1176 1920 1216 Τ.

207 1246 359 1286 Tettius
380 1246 436 1289 -Τ,
470 1246 497 1284 f.
528 1244 611 1284 Vel.
644 1244 879 1297 praefectus.

315 1313 450 1346 Gurubi
473 1314 513 1345 in
532 1323 597 1344 ora
613 1309 765 1351 Africae
789 1312 885 1344 inter
903 1310 1159 1352 Carthaginem
1183 1314 1219 1344 et
1240 1311 1500 1344 Hadrumetum
1525 1311 1631 1351 (VIII
1651 1311 1727 1354 979,
1751 1315 1786 1344 et
1807 1311 1921 1344 multo

207 1370 332 1403 melius
351 1370 513 1412 Comptes
529 1368 663 1401 rendus
681 1368 723 1400 de
742 1368 885 1402 l’Acad.
903 1367 963 1400 des
978 1368 1088 1401 inser.
1104 1367 1191 1401 4895
1205 1379 1239 1411 p.
1257 1368 1330 1410 54).
1382 1366 1567 1401 Tractavit
1591 1367 1782 1401 Mommsen
1802 1369 1918 1402 Herm.

205 1428 263 1469 50,
286 1427 373 1461 4895
395 1437 431 1469 p.
446 1427 520 1459 456.
553 1444 597 1450 —
633 1426 664 1467 1)
696 1425 751 1457 De
785 1426 841 1458 his
872 1424 1008 1457 duobus
1039 1424 1188 1457 ducibus
1214 1426 1376 1468 partium
1400 1426 1698 1467 Pompeianarum
1727 1426 1768 1457 in
1791 1423 1920 1465 Africa

208 1485 250 1516 ab
277 1494 309 1518 α.
325 1484 389 1516 705
413 1483 462 1516 ad
485 1494 517 1516 a.
533 1482 609 1523 708,
634 1480 682 1521 cf.
711 1480 808 1514 Caes.
833 1482 864 1513 b.
891 1491 919 1516 c.
944 1481 975 1522 4,
991 1481 1051 1515 25.
1075 1482 1111 1524 2,
1126 1482 1175 1516 25
1186 1493 1257 1525 seq.
1287 1481 1358 1514 Dio
1375 1482 1433 1523 44,
1448 1482 1488 1515 44
1502 1492 1573 1524 seq.
1623 1481 1751 1524 Legati
1770 1492 1840 1524 pro
1861 1493 1918 1525 pr.

209 1540 281 1573 dici
303 1540 505 1580 voluerunt,
536 1541 613 1572 sine
637 1539 745 1571 dubio
770 1537 904 1571 Metelli
928 1536 1119 1581 Scipionis,
1152 1540 1211 1570 cui
1235 1539 1272 1570 in
1295 1537 1463 1578 Africam
1487 1539 1644 1571 venienti
1666 1549 1699 1574 a.
1714 1538 1776 1572 707
1801 1538 1922 1572 Varus

210 1598 380 1630 concessit
405 1596 491 1636 (Dio
515 1597 576 1636 42,
600 1594 660 1639 57)
694 1598 729 1628 et
759 1604 862 1638 quem
891 1597 983 1627 certe
1008 1604 1042 1628 a.
1059 1594 1124 1628 708
1150 1605 1222 1637 pro
1244 1596 1352 1628 unico
1379 1594 1509 1638 populi
1531 1594 1684 1628 Romani
1705 1597 1922 1638 imperatore

210 1654 334 1686 habuit
354 1653 543 1686 Considius
569 1652 663 1696 (bell.
680 1650 764 1692 Afr.
780 1650 829 1695 4).
853 1671 897 1676 -—
928 1652 961 1693 2)
988 1649 1040 1691 Cf.
1064 1649 1168 1691 infra
1193 1650 1238 1685 Ν.
1253 1651 1343 1685 5540
1367 1653 1440 1684 not.
1456 1653 1487 1684 4.

324 1743 437 1790 5320
497 1745 536 1786 C.
569 1745 732 1785 Caesare
767 1745 861 1797 imp.
893 1756 973 1784 cos.
1005 1740 1154 1799 ll[ll]¹,
1190 1742 1195 1797 Ι
1231 1743 1274 1783 L.
1306 1743 1551 1796 Pomponius
1582 1744 1626 1783 L.
1658 1744 1682 1784 1.
1712 1741 1882 1801 Malc[io]
1912 1745 1919 1801 Ι

206 1814 344 1855 duovir
374 1814 426 1852 V²
453 1813 458 1867 Ι
491 1826 650 1854 murum
682 1813 816 1865 oppidi
846 1819 974 1852 totum
1006 1824 1052 1851 ex
1083 1823 1175 1851 saxo
1202 1810 1209 1866 Ι
1237 1811 1426 1863 quadrato
1457 1811 1608 1852 aedific.
1641 1825 1746 1852 coer.

319 1881 452 1914 Gurubi
485 1880 590 1924 (VIII
614 1880 677 1914 977
711 1879 758 1920 cf.
780 1879 888 1913 42454
921 1878 1120 1912 Witmanns
1144 1878 1235 1910 vidit
1260 1879 1432 1920 lapidem,
1464 1878 1631 1912 Schmidt
1653 1880 1848 1924 ectypum).
1870 1898 1917 1905 -

207 1939 238 1980 1)
263 1938 306 1972 A.
322 1949 358 1972 u.
376 1948 404 1972 c.
420 1938 494 1972 709.
518 1956 563 1961 --
590 1938 621 1978 2)
651 1936 687 1970 V.
712 1937 769 1970 vel
792 1936 847 1970 Ut.
876 1939 976 1977 (nam
993 1935 1144 1976 fuerunt
1159 1934 1312 1974 fortasse
1333 1934 1359 1967 V
1384 1938 1419 1967 et
1444 1934 1472 1968 T
1498 1935 1642 1969 litterae
1667 1936 1915 1981 contignatas)

205 1995 293 2038 quid
326 1996 374 2026 sit
409 1995 608 2027 obscurum.
648 1994 702 2026 De
736 1994 890 2027 duoviro
928 1994 1092 2036 quintum
1127 1993 1192 2024 vicc
1229 1991 1312 2024 licet
1347 1993 1509 2034 cogitare
1541 1994 1580 2026 in
1619 1993 1764 2026 colonia.
1794 2004 1918 2027 recens

205 2052 361 2085 condita.

318 2142 427 2189 5321
483 2144 532 2184 M.
555 2144 740 2183 Minatius
770 2144 820 2183 M.
852 2145 877 2183 f.
909 2143 1019 2183 Pom.
1055 2140 1061 2196 1
1097 2140 1288 2181 Sabinus¹
1320 2147 1472 2180 turrem
1503 2141 1552 2181 de
1586 2141 1592 2195 Ι
1627 2154 1697 2182 sua
1727 2143 1917 2195 pequnia‚

204 2225 359 2252 murum
387 2211 393 2265 Ι
420 2213 468 2252 de
498 2212 670 2264 pequnia
701 2212 857 2251 conlata
884 2210 889 2266 Ι
917 2210 1088 2251 faciund.
1120 2210 1291 2250 coeravit
1316 2206 1321 2263 Ι
1349 2209 1532 2262 idemque
1562 2209 1753 2262 probavit.

318 2280 474 2312 Padulae
497 2281 537 2311 in
562 2278 742 2320 Lucania,
768 2289 841 2311 non
866 2278 972 2320 longe
996 2288 1017 2309 a
1042 2277 1175 2318 Dtano,
1199 2277 1262 2309 ubi
1284 2275 1361 2315 fuit
1388 2275 1587 2318 Tegianum
1612 2275 1650 2320 (J
1671 2277 1770 2312 4259.
1792 2276 1829 2310 Χ
1847 2277 1914 2311 294

205 2339 259 2369 ter
283 2336 460 2379 descripta
483 2336 636 2369 saeculis
659 2333 932 2378 superioribus).
957 2353 1002 2358 -
1030 2335 1061 2376 1)
1087 2333 1258 2367 Fortasse
1281 2333 1375 2365 idem
1399 2331 1447 2366 M.
1465 2332 1639 2366 Minatius
1655 2333 1810 2367 Sabinus
1828 2343 1916 2377 pro-

205 2396 373 2436 quaestor
399 2393 459 2427 Cn.
484 2393 642 2435 Pompeii
665 2391 736 2432 filii
767 2391 855 2424 bello
880 2392 1110 2433 Hispaniensi
1139 2400 1234 2423 anno
1258 2390 1322 2423 709
1348 2388 1558 2432 (Mommsen
1582 2388 1699 2425 Rocm.
1723 2390 1916 2424 Miinzwes.
1939 2424 1945 2429 ι

200 2460 237 2492 p.
254 2450 328 2485 654.
352 2452 444 2490 656).

319 2541 431 2587 5322
479 2543 510 2582 T
514 2543 630 2582 urus¹
663 2539 862 2581 Patalius²
895 2539 1043 2592 Granp.
1077 2539 1189 2591 Opia.
1221 2539 1275 2586 12³,
1304 2536 1309 2593 Ι
1351 2539 1525 2580 Venetus
1556 2539 1759 2580 Lastimeis
1789 2538 1913 2592 Hosp.

204 2611 258 2660 ff,
286 2608 292 2665 Ι
319 2611 420 2663 pra.⁵
450 2609 636 2650 murum⁶
665 2609 898 2649 locaverunt
926 2607 1020 2659 log.⁷
1048 2604 1052 2660 Ι
1082 2604 1149 2663 [p.]
1185 2607 1286 2655 CXI,
1318 2607 1371 2647 alt
1400 2620 1438 2659 p.
1460 2607 1550 2656 XX,
1582 2607 1686 2648 eisde
1717 2603 1913 2662 proba[v.]

319 2677 361 2710 In
382 2679 501 2710 insula
526 2677 729 2710 Dalmatiae
754 2675 900 2718 Veglia,
924 2676 987 2707 ubi
1010 2673 1085 2714 fuit
1108 2675 1236 2707 civitas
1265 2673 1510 2716 Cur-iecorum,
1540 2673 1709 2717 oppidum
1735 2672 1913 2715 Curicum,

205 2734 302 2766 trabs
326 2745 372 2766 ecc
396 2734 515 2777 lapide
541 2734 713 2774 calcaneo,
737 2743 811 2775 rep.
837 2742 916 2764 cum
934 2731 1057 2775 oppidi
1072 2732 1215 2764 moenia
1232 2731 1456 2764 deicerentur
1480 2730 1555 2771 (III
1568 2730 1602 2764 S.
1615 2730 1728 2764 45295
1746 2730 1915 2763 viderunt

203 2790 331 2823 Patsch
355 2790 489 2833 aliique
513 2792 611 2824 arch.
637 2801 688 2833 ep.
716 2789 831 2823 Mitth.
856 2788 898 2822 45
921 2799 955 2831 p.
972 2789 1026 2828 68,
1050 2789 1091 2822 46
1113 2798 1148 2830 p.
1165 2786 1240 2832 55).
1265 2806 1310 2812 -
1344 2788 1375 2830 1)
1400 2787 1495 2820 Idem
1519 2796 1645 2819 nomen
1669 2786 1913 2819 Dalmaticum

205 2846 260 2879 III
281 2846 379 2880 2754.
404 2847 522 2881 27699.
547 2848 644 2881 2787.
669 2846 769 2881 5454.
798 2846 833 2880 V
843 2847 936 2880 5055
944 2858 957 2886 ;
982 2845 1029 2884 cl:
1055 2844 1200 2878 Sticotti
1225 2845 1322 2878 arch.
1348 2854 1399 2886 ep.
1418 2843 1534 2877 Mitth.
1552 2842 1593 2877 46
1614 2853 1650 2886 p.
1665 2843 1722 2877 56.
1746 2861 1791 2868 -
1818 2844 1852 2885 2)
1877 2843 1914 2878 C.

205 2901 378 2936 Patalicus
403 2902 496 2936 Tei-ti
522 2902 614 2937 filius
639 2908 689 2936 est
712 2905 751 2935 in
777 2905 799 2937 t.
827 2903 984 2935 Histrico
1012 2903 1050 2936 V
1058 2903 1135 2936 452.
1160 2921 1207 2926 —
1230 2903 1262 2944 3)
1287 2901 1329 2934 In
1354 2901 1437 2933 aliis
1462 2899 1576 2932 titulis
1599 2899 1802 2932 insularum
1825 2899 1914 2933 Dal-

204 2962 420 2993 maticarum
451 2962 683 3003 reperiuntur
715 2959 823 3003 Opiae
855 2959 954 3000 filius
980 2958 1054 3002 (III
1073 2957 1175 3002 5444)
1209 2961 1244 2990 et
1276 2957 1401 3000 Opicwi
1427 2955 1526 2996 filius
1552 2955 1627 2999 (III
1647 2955 1683 2991 S.
1707 2956 1845 3000 40424).
1868 2975 1914 2981 -

204 3017 238 3057 4)
263 3016 366 3048 Alius
384 3016 546 3059 Hos-polis
570 3016 668 3057 filius
692 3018 731 3049 in
756 3019 779 3051 t.
805 3016 962 3048 Histrico
990 3016 1028 3050 V
1035 3016 1109 3049 449.
1133 3034 1178 3039 —
1204 3017 1238 3055 5)
1261 3011 1452 3053 Praefecti.
1476 3031 1522 3037 -
1546 3013 1581 3055 6)
1607 3012 1776 3046 Curicum
1799 3014 1915 3046 muni-

206 3075 279 3104 tum
308 3070 384 3111 fuit
412 3074 485 3105 iam
518 3084 548 3107 a.
575 3083 609 3107 u.
636 3083 664 3106 c.
688 3074 761 3114 706,
798 3083 878 3105 cum
913 3072 948 3106 C.
973 3073 1151 3105 Antonius
1181 3072 1233 3103 ibi
1263 3071 1450 3113 caperetur
1474 3067 1539 3112 (cf.
1572 3069 1667 3104 Caes.
1692 3070 1722 3104 b.
1748 3079 1779 3104 c.
1801 3070 1837 3111 5,
1861 3069 1912 3116 8),
