2092 3360
709 185 825 224 Tituli
847 185 946 223 mr!
969 187 1007 222 et
1029 185 1275 222 sacerdotum.
1820 183 1845 222 3

134 301 272 337 stauar-
293 301 335 337 a.
352 301 467 346 Myon.
491 301 513 335 1
529 311 566 344 p.
582 299 644 335 404
669 300 742 342 (ed.
758 301 812 340 3).
835 317 880 325 -
913 300 948 342 4)
971 299 1113 333 Littera
1137 300 1210 333 iam
1235 297 1427 333 dimidiata
1457 298 1634 331 incertum
1657 300 1780 331 utrum
1804 296 1846 333 T.

133 358 251 401 tuerit
277 369 326 393 an
350 357 377 392 Ρ
384 370 399 400 ,·
428 359 496 393 hoe
516 357 695 403 praetulit
717 358 781 400 qui
803 366 919 400 nuper
941 357 1035 391 vidit
1058 357 1254 391 Bormann.
1277 373 1324 381 —
1348 355 1382 397 ⁶)
1407 353 1470 389 Sic.-
1492 354 1636 388 videtur
1659 355 1848 398 legendum

135 427 218 459 ense,
242 426 459 460 quamquam
481 414 635 449 secunda
652 414 775 448 littera
799 414 848 448 ad
869 413 889 447 d
913 415 1086 458 proprius
1108 413 1248 447 aceedit
1271 422 1378 457 quam
1403 412 1452 446 ad
1473 422 1495 447 o
1521 412 1711 458 (punemm
1727 413 1811 444 ante
1834 410 1850 444 f

135 483 209 508 non
225 475 362 507 eertum
377 472 458 517 eet).
474 490 521 498 —-
546 473 581 513 6)
604 472 781 506 Punctum
804 472 901 504 inter
924 473 959 504 et
983 469 1044 505 sta
1061 473 1096 504 et
1113 469 1213 505 Tetio
1237 479 1311 504 non
1328 472 1474 503 eertum.
1509 469 1699 512 Intellege:
1724 468 1848 503 Staius

140 529 287 566 Tettius.
310 548 357 555 —
381 530 416 572 7)
439 528 663 562 particulam
687 527 830 562 litterae
853 537 876 571 g
899 527 991 560 vidit
1013 527 1212 561 Bormann.
1234 543 1281 555 -—-
1304 527 1339 570 8)
1363 526 1551 569 Intellege.-
1575 526 1765 560 Matronae
1787 525 1848 559 Pi·

135 596 322 620 sauroneee
336 585 391 630 (in
404 585 477 627 fine
493 586 622 619 luorum
637 585 893 619 vocabulorum
907 587 1060 628 possunt
1071 585 1223 628 periisse.
1237 583 1404 626 eingulae
1419 583 1590 628 litterae).
1603 599 1649 608 -
1661 583 1696 622 9)
1716 581 1848 616 Versus

137 645 208 677 trec
231 644 408 687 poetremi
431 645 558 683 postea
587 642 706 676 additi
736 653 808 675 esse
837 642 1019 676 videntur.
1043 659 1089 665 —
1122 639 1178 682 10)
1201 639 1391 682 Intellege:
1415 639 1555 672 Libero.
1605 639 1767 673 Ceterum
1790 638 1850 672 hie

136 699 229 744 lapis
250 700 363 733 multo
385 702 508 743 postea
531 702 695 742 repertus
719 702 780 742 ese,
810 709 923 743 neque
943 699 1052 742 plane
1074 696 1204 731 similis
1227 706 1351 729 eorum
1375 697 1438 739 qui
1459 696 1690 738 praecedunt.

249 790 365 838 2984
412 792 662 834 Anabestas¹.

248 859 363 906 2985
411 860 667 901 Remureine.

249 926 382 961 Romae
403 930 442 960 in
457 929 576 960 monte
590 925 756 959 Palatino
771 934 848 968 rep.
867 922 1074 958 columellae
1097 933 1144 956 ea:
1168 921 1287 965 lapide
1299 922 1440 955 Albano
1455 920 1592 965 (V121.
1604 921 1669 954 566
1682 919 1730 960 cf.
1742 920 1851 955 30794

138 985 231 1019 hane
252 986 347 1018 vidit
369 983 538 1025 Huelsen,
563 982 756 1016 delineavit
777 981 943 1015 Huebner
967 990 1024 1014 ex.
1041 989 1112 1013 scr.
1130 989 1183 1022 ep.
1199 989 1237 1013 n.
1251 978 1324 1022 94).
1373 978 1474 1012 Certe
1495 977 1542 1013 Ν.
1558 978 1650 1012 2895
1675 977 1753 1018 (sed
1773 978 1851 1010 sine

137 1042 247 1075 dubio
272 1043 382 1075 etiam
404 1039 452 1076 Ν.
468 1039 585 1084 2894),
616 1038 764 1072 testibus
794 1039 884 1081 ipsis
909 1037 1037 1071 litteris
1062 1034 1128 1077 (ef.
1152 1035 1305 1068 Huelsen
1329 1037 1364 1068 et
1386 1035 1552 1068 Huebner
1577 1034 1598 1067 l.
1619 1033 1680 1078 e.)‚
1711 1044 1786 1067 non
1809 1044 1851 1066 ea

138 1101 256 1132 aetate
278 1100 393 1131 incisa
416 1099 470 1130 est
493 1098 596 1130 euius
619 1106 691 1128 esee
714 1105 752 1128 se
766 1094 926 1137 simulat,
948 1093 1012 1127 sed
1032 1101 1125 1126 eaeo.
1138 1102 1175 1135 p.
1194 1091 1274 1126 Chr.
1298 1093 1430 1136 primo,
1453 1090 1611 1131 fortasse
1635 1091 1852 1135 temporibus

140 1154 292 1188 Claudii.
311 1149 357 1178 -’-
383 1154 416 1195 1)
438 1153 593 1186 Dativus
612 1150 769 1196 pluralis
791 1151 935 1184 videtur
958 1161 1043 1193 esse,
1066 1152 1107 1183 ut
1131 1147 1320 1182 Cernimus
1344 1148 1446 1189 infra
1469 1147 1514 1181 Ν.
1529 1149 1631 1182 2986.
1679 1148 1762 1190 Ipsa
1786 1157 1853 1180 nu-

136 1213 237 1245 mina
258 1212 398 1253 ignota.

251 1300 366 1348 2986
413 1301 529 1343 devas
555 1300 562 1354 Ι
588 1300 818 1342 Corniscas¹
844 1302 852 1352 Ι
877 1311 1047 1341 sacrum.
1521 1323 1523 1325 ·

252 1368 384 1403 Romae
414 1379 491 1412 rep.
523 1371 627 1402 trans
660 1368 815 1402 Tiberim
845 1368 908 1400 sub
940 1366 1104 1401 Ianiculo
1135 1365 1172 1406 (Ι
1191 1364 1268 1398 844.
1306 1363 1361 1398 VI
1379 1363 1423 1397 96
1453 1362 1645 1405 aliquoties
1672 1361 1853 1404 descripta

137 1436 229 1462 saec.
255 1425 369 1470 XVI).
399 1444 444 1450 -—
483 1426 517 1466 1)
546 1424 725 1458 Memorat
759 1425 862 1458 divas
894 1423 1082 1458 Cornieoae
1117 1424 1152 1455 et
1187 1430 1309 1455 eorum
1338 1419 1507 1454 sacellum
1542 1417 1854 1452 Transtiberinam

139 1483 268 1517 Festus
291 1493 344 1525 ep.
367 1493 403 1525 p.
418 1483 472 1516 64.

244 1572 366 1621 2987
416 1574 623 1615 Coronicei
649 1575 656 1625 Ι
682 1574 727 1613 Τ.
748 1573 962 1614 Terentius
990 1572 1035 1612 L.
1058 1571 1099 1612 C.
1120 1571 1147 1614 l.
1169 1571 1316 1611 donom
1342 1570 1349 1623 Ι
1375 1574 1526 1610 mereto
1556 1569 1684 1608 dedet.

252 1641 395 1684 Romae,
420 1651 542 1685 parva
572 1642 667 1674 basis
689 1640 848 1674 rotunda
880 1639 1011 1682 lapidis
1042 1638 1212 1681 cainani,
1241 1647 1339 1670 nune
1362 1636 1508 1680 Lipsiae
1533 1635 1609 1676 (VI
1626 1636 1741 1669 30858
1764 1633 1856 1667 vidit

139 1697 354 1740 Mommsen5
376 1698 571 1732 delineavit
586 1697 738 1731 Huelsen
755 1695 872 1730 Roem.
891 1695 1008 1729 Mitaelz.
1024 1695 1113 1730 4895
1127 1705 1163 1738 p.
1180 1695 1255 1736 63).
1294 1694 1349 1726 De
1363 1693 1511 1726 numine
1521 1695 1712 1735 praeterea
1727 1694 1854 1734 ignoto

143 1753 193 1796 ef.
219 1755 370 1788 Huelsen
393 1755 415 1790 1.
433 1766 463 1790 e.
486 1766 523 1798 p.
538 1756 592 1789 64.

254 1846 372 1896 2988
418 1847 622 1888 Vediovei¹
651 1846 803 1900 patrei²
827 1843 835 1901 Ι
861 1844 1053 1898 genteiles
1079 1843 1227 1885 luliei³.
1274 1853 1332 1897 (In
1351 1853 1477 1895 latere)
1502 1837 1739 1896 Vedi[ovei]⁴
1767 1851 1856 1879 aara

144 1926 200 1970 (in
218 1929 327 1970 parte
343 1925 504 1970 postica)
535 1915 647 1967 leege
677 1914 852 1955 Albana⁸
880 1913 1018 1954 dicata.

257 1983 407 2018 Bovillis
429 1992 519 2025 rep„
542 1984 615 2015 iam
630 1980 773 2023 Romae,
798 1991 865 2014 ara
880 1979 1022 2020 somnae
1037 1981 1195 2011 vetustae
1216 1977 1342 2018 (1807.
1365 1975 1450 2010 XIV
1460 1975 1555 2009 2387
1570 1976 1857 2017 recognoverunt

145 2040 296 2073 Huelsen
313 2041 348 2071 et
363 2038 470 2077 Mau;
486 2037 623 2070 Bitschl
645 2038 713 2070 tab.
731 2036 818 2070 LVI
828 2036 882 2078 f).
899 2054 944 2061 —
970 2037 1002 2078 1)
1026 2035 1081 2067 De
1099 2034 1255 2068 Vediove
1278 2031 1326 2071 cf.
1343 2031 1479 2065 Pteller
1493 2030 1613 2065 Roem.
1626 2030 1742 2074 Myth.
1765 2029 1818 2065 ed.
1831 2030 1858 2064 3

143 2097 163 2130 1
179 2106 219 2140 p.
236 2096 305 2129 262
330 2104 411 2129 eum
434 2094 529 2127 notis
552 2093 712 2126 Iordani.
747 2111 792 2117 —-
829 2093 864 2134 2)
887 2090 1001 2124 Petrei
1031 2089 1244 2124 vocabulum
1271 2088 1497 2132 postmodum
1520 2087 1685 2120 additum
1707 2097 1782 2119 esse
1811 2097 1858 2119 ea·

144 2152 380 2187 collocatione
409 2152 521 2194 patet.
553 2167 598 2174 -
629 2150 664 2189 3)
687 2148 866 2182 Iuliorum
887 2157 994 2181 saera
1013 2147 1206 2190 gentilicia
1238 2146 1439 2188 antiquitus
1461 2143 1612 2178 Bovillis
1640 2142 1724 2184 fieri
1746 2142 1856 2175 solita

143 2220 218 2243 esse
248 2208 373 2251 colligi
401 2209 519 2251 potest
547 2217 595 2239 ex
629 2204 712 2240 Tae.
737 2215 770 2238 a.
793 2205 830 2247 2,
841 2204 895 2238 44.
925 2221 972 2231 --·
1002 2205 1037 2246 4)
1061 2204 1158 2237 Haec
1188 2203 1391 2245 antiquitus
1420 2211 1535 2243 erasa,
1565 2200 1704 2234 seilicet
1735 2209 1859 2233 errore

141 2267 260 2310 posita
285 2276 308 2298 a
332 2264 571 2308 quadratario
599 2265 634 2295 et
657 2272 744 2295 mox
766 2261 919 2295 sublata.
935 2279 980 2285 -—
1006 2262 1040 2304 5)
1063 2259 1151 2293 Iulii
1173 2270 1220 2293 exe
1235 2259 1327 2292 Alba
1352 2257 1527 2291 oriundos
1549 2268 1586 2290 se
1604 2257 1798 2300 putabant,
1823 2258 1859 2288 et

145 2323 216 2366 ipsi
245 2321 431 2356 Bovillani
454 2319 587 2353 Albam·
609 2318 780 2361 Longani
809 2317 865 2351 vel
894 2319 1000 2351 erant
1029 2317 1086 2350 vel
1115 2317 1325 2350 dicebantur
1353 2313 1420 2358 (ef.
1445 2313 1480 2349 0.
1495 2314 1520 2348 I.
1534 2313 1576 2348 L.
1598 2313 1692 2348 XIV
1705 2323 1741 2356 p.
1757 2311 1859 2356 234),

143 2376 238 2411 unde
266 2387 340 2410 non
368 2377 501 2409 mirum
532 2385 636 2410 aram
666 2376 761 2409 Itane
783 2375 941 2408 dicatam
965 2375 1016 2406 eis
1040 2373 1178 2416 legibus
1208 2382 1299 2416 quae
1322 2371 1436 2405 Albae
1461 2372 1502 2404 in
1524 2381 1593 2404 usu
1616 2369 1730 2410 fuisse
1748 2372 1856 2412 puta-

144 2434 288 2468 bantur.

257 2522 372 2571 2989
404 2521 475 2581 [Μ.
494 2521 664 2580 Aim]ilio
684 2523 735 2563 M.
756 2523 799 2571 f.,
830 2521 872 2563 C.
894 2523 955 2562 An
973 2553 983 2563 .
1002 2553 1011 2562 .
1029 2523 1067 2572 .¹,
1093 2520 1100 2575 Ι
1130 2517 1350 2578 [prai]toris
1378 2532 1452 2573 pro
1477 2515 1660 2574 po[plod]
1686 2515 1692 2573 Ι
1720 2547 1729 2558 .
1749 2547 1758 2557 .
1776 2547 1786 2557 .
1802 2517 1856 2557 ti²

145 2592 266 2633 Diove
295 2588 483 2648 dede[re].

258 2658 390 2692 Romae
406 2661 533 2702 empta,
558 2658 700 2692 lamella
717 2666 833 2699 aerea,
858 2656 922 2689 ced
935 2657 1115 2690 incertum
1138 2667 1226 2690 num
1242 2655 1374 2690 Romae
1396 2656 1554 2697 reperta,
1570 2663 1666 2686 nune
1681 2654 1721 2686 in
1738 2662 1859 2685 museo

144 2715 372 2750 Berolinerm'
402 2715 440 2759 (1
459 2715 535 2749 488.
571 2713 623 2748 VI
645 2714 732 2755 456,·
766 2712 904 2746 mesela!
928 2713 1074 2755 priscae
1103 2712 1184 2747 Lat.
1213 2711 1329 2756 suppl.
1354 2712 1424 2746 tab.
1455 2709 1550 2762 11]).
1607 2709 1860 2753 Supplementa

145 2775 231 2806 nant
253 2770 472 2806 nommant.
497 2790 538 2796 —
568 2772 600 2814 1)
623 2771 699 2804 Aut
721 2770 774 2803 An
789 2794 798 2804 .
812 2794 821 2804 .
835 2794 844 2803 .
868 2767 944 2809 fuit
967 2771 1034 2802 aut
1057 2768 1120 2801 Am
1134 2793 1142 2802 .
1156 2793 1165 2803 .
1179 2791 1189 2802 .
1212 2786 1259 2792 —
1282 2769 1318 2811 2)
1342 2767 1444 2810 [122]st
1467 2766 1646 2810 supplevit
1666 2765 1859 2799 Mommsen

142 2831 278 2872 putam
300 2828 420 2862 Ditem
449 2837 522 2861 non
551 2827 732 2861 divor-eum
761 2836 833 2859 esse
857 2836 879 2858 a
907 2824 1083 2865 Vediove,·
1115 2824 1179 2857 eod
1208 2822 1257 2863 es:
1282 2825 1416 2858 Jordan
1440 2834 1498 2867 ap.
1521 2822 1716 2856 Prellerum
1740 2820 1860 2855 Roem.

145 2884 260 2930 Hyele.
283 2884 338 2919 ed.
359 2885 386 2919 3
409 2884 449 2918 11
463 2895 503 2928 p.
525 2885 568 2918 65
592 2884 666 2916 not.
689 2883 726 2917 3.

259 2975 376 3023 2990
422 2976 557 3017 Diuei¹
585 2973 591 3028 Ι
616 2970 853 3023 Ardealtes'.

262 3044 304 3078 In
336 3053 472 3077 summo
504 3045 624 3076 monte
646 3041 787 3075 Albano
813 3040 949 3082 (Monte
976 3039 1078 3083 Gavi)
1103 3049 1190 3082 rep„
1220 3041 1272 3072 est
1295 3036 1427 3071 Romae
1452 3037 1559 3078 (XIV
1573 3036 1667 3072 2234
1699 3036 1862 3069 correct-it

149 3099 301 3134 flauum
323 3099 442 3134 Roem.
457 3098 571 3133 Micca.
585 3098 673 3133 4895
685 3109 723 3142 p.
735 3099 808 3139 65).
825 3115 871 3123 --
899 3098 930 3140 1)
953 3098 1113 3131 Primam
1138 3094 1295 3128 litteram
1320 3093 1341 3128 d
1365 3092 1481 3135 fuisse
1501 3092 1644 3134 formae
1664 3092 1862 3137 peculiaris

1546 3149 1587 3184 1*
