2092 3360
234 175 349 213 Tituli
365 175 463 212 sacri
479 178 516 213 et
531 176 774 213 sacerdotum.
788 196 832 202 -
850 176 1003 213 Sancus.
1031 177 1201 214 Feronia.
1228 178 1393 215 Vacune..
1420 178 1541 216 Meter
1554 179 1709 217 Matuta.
1789 181 1843 219 63

236 256 355 336 8482
394 290 540 332 lunoni
570 289 802 350 Feronsiae]
835 293 842 343 Ι
878 291 1018 332 Barbia
1048 292 1092 333 L.
1124 294 1149 333 f.
1182 290 1398 351 Secun[da]
1433 294 1440 350 Ι
1473 295 1631 345 aedem,
1671 295 1844 350 signum,

128 355 354 416 poi-[tisscus
384 359 420 401 d.
452 372 491 412 p.
522 373 553 401 s.
585 359 622 400 d.

243 425 334 459 Olim
359 425 596 460 Villanuovae
620 427 660 460 in
688 427 837 463 Histria.
863 430 915 460 est
941 426 1108 461 Veronae
1133 427 1186 471 (V
1206 428 1272 463 442
1297 429 1388 463 vidit
1404 429 1625 475 Mommsen).

237 505 355 553 8488
392 520 438 548 ai·
458 538 608 549 ......
635 506 643 562 Ι
670 507 865 549 Feroniae
886 520 978 556 sac..
1005 508 1011 564 Ι
1039 509 1079 549 in
1102 511 1351 550 memoriam²
1378 512 1385 561 Ι
1414 540 1422 550 .
1447 540 1456 550 .
1478 511 1597 552 Minei
1621 512 1743 554 Prisci
1763 512 1840 565 fii!

126 575 171 617 Τ.
202 576 352 617 Kanius
381 575 555 617 Ianuar.²
579 577 586 628 Ι
612 588 691 617 sac.
722 576 917 629 gratuitus
944 574 950 631 Ι
977 589 1085 617 anno
1115 576 1255 617 XXXX
1280 575 1287 633 Ι
1313 578 1350 618 d.
1382 578 1419 620 d.

240 643 428 687 Aquileiae
443 654 530 687 rep„
553 646 656 678 extat
672 643 836 677 Veronae
853 642 909 686 (V
917 643 981 677 776
1004 644 1097 677 vidit
1112 643 1333 685 Mommsen).
1349 663 1393 669 -
1421 646 1451 688 1)
1467 646 1509 679 In
1525 650 1734 680 memoriam
1749 657 1844 680 mor-

126 699 257 734 talium
282 700 383 733 titula·
406 700 476 733 diis
500 701 613 734 dicati
636 700 744 734 multi
758 700 950 744 Aquileiae
972 702 1107 743 reperti
1128 703 1229 743 sunt,
1254 699 1301 740 cll
1318 699 1420 741 infra
1436 701 1596 737 Ν.ὅ’550.
1617 722 1663 729 -
1688 705 1722 747 2)
1746 703 1842 738 Idem

126 757 231 791 homo
254 756 370 790 Fonti
386 756 427 792 B.
453 756 635 791 dedicavit
658 757 803 791 titulum
827 756 860 792 V
874 758 950 791 755.

238 936 354 984 8484
392 939 439 987 Q'.
466 940 638 981 Murrius
667 939 739 980 Cn.
771 941 797 979 s.
826 938 832 992 Ι
859 939 1042 980 Vacunae
1072 946 1148 980 vot.
1175 939 1183 994 Ι
1210 939 1276 979 dat
1305 939 1449 981 lubens
1479 941 1633 981 merito.

238 1006 282 1039 In
315 1006 461 1040 Sabinis
487 1016 601 1050 prope
630 1008 749 1040 vicum
773 1005 910 1040 Laculo
943 1005 1015 1049 (IX
1033 1007 1141 1048 465&
1171 1006 1216 1039 de
1245 1008 1325 1040 visu
1348 1007 1557 1041 Persic-lieni
1578 1007 1723 1042 Notizie
1746 1008 1844 1052 degli

124 1063 224 1096 soavi
247 1063 331 1097 4894
351 1073 390 1107 p.
405 1063 505 1106 342).
550 1062 647 1096 Loca
672 1062 748 1106 illo,
779 1063 844 1096 ubi
867 1062 961 1106 lapis
984 1062 1154 1097 eeclesiae
1177 1063 1321 1096 cuidam
1344 1063 1596 1105 inaedificatus
1619 1068 1688 1106 est,
1719 1067 1844 1099 extitit

124 1122 219 1152 certe
242 1121 316 1153 iam
339 1130 432 1155 saec.
457 1130 498 1163 p.
525 1118 607 1154 chr.
632 1118 745 1153 XVII.
793 1118 877 1153 Non
908 1122 1005 1153 recle
1029 1120 1209 1154 Mat-tellio
1240 1121 1379 1154 homini
1402 1121 1580 1154 levissimo
1611 1122 1845 1155 erediderunt

124 1176 279 1219 lapidem
304 1178 432 1210 extare
448 1187 564 1221 prope
584 1179 704 1211 vicum
727 1177 884 1210 eiusdem
898 1179 1060 1219 regionis
1075 1177 1260 1220 Baeugno,
1285 1187 1388 1220 quem
1403 1188 1488 1211 sane
1504 1189 1526 1210 a
1546 1178 1696 1212 Vae-una
1712 1189 1843 1213 nomen

124 1232 254 1266 habere
277 1232 514 1267 nihilominus
533 1236 652 1276 potest
674 1243 800 1267 verum
823 1243 964 1266 esse.—
988 1233 1042 1266 De
1061 1233 1211 1267 Vaeuna
1237 1232 1283 1273 ef.
1302 1233 1437 1267 Preller
1460 1234 1478 1267 1
1494 1233 1564 1279 (ed.
1576 1236 1602 1270 5
1598 1238 1618 1276 )
1638 1246 1677 1278 p.
1692 1236 1758 1269 408
1769 1246 1840 1279 seq.

237 1322 353 1370 8485
414 1356 424 1366 .
452 1355 462 1366 .
495 1326 662 1368 Esuvius
688 1331 696 1380 Ι
722 1326 924 1367 Modestus
955 1322 1154 1382 Vacun[ae
1178 1325 1185 1380 Ι
1206 1323 1300 1382 p]1·o
1329 1327 1552 1367 valetudine
1590 1323 1746 1383 pat[ris]
1774 1325 1781 1382 Ι
1804 1341 1840 1368 v,

124 1404 274 1443 (corona
300 1404 525 1448 lemniscata)
557 1391 634 1450 [8.].

236 1469 353 1523 8486
391 1485 464 1526 pro
485 1474 616 1514 reditu
647 1474 692 1514 L.
713 1474 843 1515 Acesti
875 1486 922 1514 ex
948 1473 1079 1514 Africa
1105 1471 1112 1526 Ι
1137 1475 1223 1515 vovi
1245 1475 1429 1515 Vacunae
1449 1475 1593 1515 Aredia
1613 1471 1807 1533 Daph[ne]
1832 1475 1837 1530 Ι

123 1546 164 1581 et
193 1540 235 1582 C·
254 1541 510 1594 pomponius,
536 1539 544 1595 Ι
571 1550 730 1595 (palmae
754 1552 857 1594 duae,
882 1562 1016 1586 corona
1041 1551 1263 1595 lemniscata)
1289 1555 1323 1583 V.
1354 1556 1385 1584 S.
1418 1544 1442 1583 l.
1473 1556 1526 1583 m.

236 1608 376 1651 Poggio
400 1607 542 1642 Fidone
566 1610 606 1642 in
631 1608 785 1651 Sabinis,
817 1619 890 1643 non
916 1609 1023 1651 longe
1047 1620 1069 1641 a
1091 1607 1200 1643 Reate
1226 1608 1296 1652 (IX
1314 1611 1414 1645 4752.
1431 1610 1516 1644 4754
1541 1611 1585 1643 ab
1609 1611 1729 1644 incola
1754 1622 1838 1654 quo-

124 1663 206 1697 dam
231 1665 394 1707 regionis
415 1664 517 1698 illius
541 1665 750 1708 descriptae,
773 1669 864 1700 satis
888 1668 1057 1700 accurate
1080 1668 1123 1698 ut
1145 1665 1320 1709 videtur).

235 1843 352 1890 8487
392 1846 503 1887 Matri
538 1845 746 1905 [MaJtutae
771 1847 779 1904 Ι
804 1849 928 1901 Magia
962 1849 1092 1890 Prisca
1118 1847 1127 1903 Ι
1151 1849 1310 1902 signum
1341 1850 1442 1890 Iovis
1467 1848 1473 1903 Ι
1501 1850 1538 1889 d.
1569 1849 1607 1888 d.

240 1911 352 1946 Corae
390 1912 442 1956 (X
460 1915 546 1949 8446
583 1915 810 1949 Barnabeius
842 1916 931 1949 vidit
958 1918 1150 1960 eetypum).
1179 1934 1225 1942 —
1254 1917 1402 1949 Praeter
1433 1917 1528 1949 hunc
1559 1918 1594 1948 ee
1619 1927 1677 1949 eos
1700 1917 1764 1959 qui
1786 1927 1839 1948 se—

123 1971 298 2011 quuntur,
322 1971 408 2003 item
431 1972 723 2013 antiquissimum
745 1982 857 2015 supra
881 1971 927 2006 Ν.
945 1972 1047 2014 2974,
1069 1972 1184 2005 Matri
1206 1972 1368 2005 Matutae
1391 1972 1576 2005 dedicatus
1600 1972 1743 2005 videtur
1766 1983 1840 2005 esse

122 2026 230 2058 etiam
255 2025 394 2067 titulus,
426 2027 530 2059 euius
554 2029 728 2070 exiguum
750 2028 997 2070 fragmentum
1017 2028 1158 2070 prodiit
1182 2029 1259 2062 loeo
1285 2029 1380 2062 dieto
1406 2028 1540 2070 Concu,
1569 2029 1666 2061 inter·
1686 2029 1838 2071 Antium

122 2083 157 2114 et
179 2084 275 2115 viam
299 2083 455 2126 Appiam
487 2082 650 2126 (Notizie
678 2084 776 2126 degli
804 2086 903 2118 seam·
931 2085 1017 2118 4896
1037 2095 1073 2128 p.
1090 2085 1156 2119 402
1181 2088 1215 2118 et
1237 2085 1365 2119 melius
1382 2096 1420 2129 p.
1442 2085 1538 2129 495),
1567 2086 1632 2118 ubi
1654 2085 1836 2119 Satricum

121 2136 237 2178 fuisse
261 2138 405 2172 videtur
428 2138 493 2179 (esi
523 2138 607 2173 CIL.
631 2138 664 2173 X
681 2150 722 2183 p.
736 2140 828 2184 664).
875 2140 967 2174 Fuit
997 2140 1136 2174 Satrici
1166 2142 1300 2175 celebre
1322 2141 1452 2175 Matris
1474 2142 1638 2175 Matutae
1669 2142 1838 2186 templum

122 2194 219 2235 (Δία.
242 2197 275 2236 6,
291 2196 352 2236 53⁷,
369 2197 400 2230 4.
424 2196 457 2239 7,
471 2196 527 2237 27,
543 2197 575 2229 8.
599 2197 658 2237 28,
675 2196 727 2238 44,
743 2198 796 2239 2).
843 2197 897 2230 De
921 2197 1169 2238 effossionibus
1192 2198 1364 2231 ruderum
1388 2200 1496 2232 huius
1521 2199 1643 2242 templi
1673 2198 1721 2239 ef.
1746 2199 1838 2232 Bar-

122 2253 230 2286 nabet·
251 2251 396 2286 Nolizie
413 2252 511 2296 degli
525 2254 626 2286 ecam·
642 2253 728 2288 4896
745 2264 785 2297 p.
799 2254 851 2289 25
861 2265 933 2297 seq.
955 2255 1078 2297 99seq.
1102 2255 1165 2288 490
1176 2266 1260 2298 seq„
1292 2254 1447 2288 Graillot
1469 2254 1653 2298 Melanges
1676 2256 1719 2289 de
1743 2255 1838 2290 l’Ec.

123 2305 173 2348 [ν.
198 2307 242 2342 de
266 2307 375 2342 Rome
399 2310 451 2349 46,
475 2309 560 2343 4896
580 2319 616 2352 p.
635 2309 700 2345 454
712 2321 795 2353 seq„
826 2311 990 2344 Petersen
1013 2309 1130 2345 Boem.
1155 2311 1276 2344 Mitth.
1301 2312 1387 2346 4896
1409 2323 1443 2355 p.
1460 2312 1525 2346 457
1536 2323 1606 2356 seq.

236 2399 353 2446 3488
393 2401 570 2442 Cervaria
602 2402 671 2455 Sp.
702 2403 728 2442 f.
761 2402 974 2443 Fortunata
1002 2403 1008 2455 Ι
1035 2404 1218 2455 magistra
1244 2403 1251 2457 Ι
1278 2405 1391 2445 Matri
1423 2405 1593 2445 Matutae
1620 2403 1626 2459 Ι
1652 2405 1689 2444 d.
1721 2405 1758 2444 d.

239 2467 352 2501 Corae
376 2467 428 2510 (X
446 2467 530 2503 6544
560 2467 726 2508 referunt
748 2469 931 2502 Iueundus
961 2472 995 2502 et
1022 2473 1106 2513 post
1127 2471 1280 2504 multum
1306 2473 1474 2514 temporis
1496 2471 1603 2515 Fea).
1650 2471 1693 2504 In
1716 2471 1836 2505 eodem

123 2522 242 2567 lapide
259 2524 428 2558 videniur
443 2527 604 2559 eoetilisse
629 2526 715 2559 haee
729 2525 843 2559 multo
860 2529 1069 2569 antiquiora
1094 2530 1127 2560 et
1143 2530 1287 2561 omnino
1306 2530 1348 2560 ab
1366 2528 1441 2561 illis
1457 2528 1576 2561 aliena
1600 2527 1696 2561 Paul.
1711 2526 1834 2562 Toutia

49 2617 54 2620 ⁴
122 2578 167 2614 M.
194 2580 216 2614 f.
242 2584 278 2614 et
297 2581 303 2623 Ι
325 2581 626 2625 consuplicatrices
652 2582 691 2622 (Ι
709 2582 796 2615 4455
818 2598 864 2612 -=
886 2582 920 2616 X
941 2583 1058 2627 6548).

236 2670 352 2717 8489
395 2673 595 2714 Publiciae
617 2674 661 2714 L.
678 2674 705 2714 f.
728 2672 734 2727 Ι
758 2674 882 2714 Simili
907 2673 912 2728 Ι
934 2675 1140 2726 magistrae
1163 2675 1168 2728 Ι
1192 2676 1328 2717 Matris
1343 2676 1480 2716 Metut.
1497 2680 1594 2724 (sic),
1612 2674 1618 2730 Ι
1638 2675 1686 2716 Μ.
1703 2676 1833 2716 Aemi-

125 2739 200 2780 lius
229 2739 280 2780 M.
304 2741 330 2780 f.
358 2739 364 2795 Ι
391 2740 583 2794 Ulpianus
608 2741 616 2794 Ι
643 2741 755 2782 uxori
782 2738 788 2796 Ι
814 2741 1095 2782 sanctissimae.
1123 2740 1129 2796 Ι
1158 2740 1232 2799 [L]
1264 2744 1300 2783 d.
1333 2744 1370 2784 d.
1401 2744 1437 2784 d.

238 2807 428 2840 Praeneste
453 2807 555 2848 (XIV
568 2809 657 2842 2997
679 2808 786 2850 vidi).
803 2826 848 2832 --
873 2808 933 2841 Ad
955 2809 1065 2842 aliam
1089 2811 1302 2852 magistram
1318 2810 1446 2843 Matris
1461 2810 1621 2843 Matutae
1637 2810 1835 2842 Praenesti-

123 2871 208 2896 nam
230 2863 376 2897 videtur
395 2866 577 2907 pertinere
600 2864 692 2899 XIV
698 2866 798 2900 5006.

238 2941 356 2988 3489
414 2945 528 2986 Matri
558 2946 729 2986 Matutae
763 2944 771 2999 Ι
804 2945 933 2986 Flavia
967 2945 1011 2984 T.
1044 2945 1097 2984 fil.
1127 2945 1299 2986 Nicolais
1332 2945 1339 3000 Ι
1374 2947 1554 2987 Saddane
1583 2947 1628 2986 L.
1659 2948 1803 2988 Antisti

124 3008 295 3052 Veteris¹
327 3024 375 3052 ex
405 3025 598 3065 responso
626 3011 633 3067 Ι
658 3014 754 3054 deae
783 3013 950 3054 Iunonis
981 3024 1088 3052 aram
1114 3010 1121 3067 Ι
1147 3013 1241 3053 fecit
1270 3013 1552 3067 dedicavitque.

241 3078 365 3122 Supra
389 3078 562 3124 Berylum
588 3090 706 3123 prope
728 3081 846 3114 vicum
870 3079 1058 3113 Bait-Meri
1086 3081 1124 3112 in
1148 3080 1339 3113 ruderibus
1368 3080 1475 3114 dietis
1498 3079 1741 3123 Der-el—leala²
1773 3083 1836 3114 ubi
