2092 3360
255 147 307 184 52
1002 140 1122 185 Caput
1144 138 1209 173 XI.

367 258 484 305 3398
524 259 605 298 Gal.
632 258 836 298 Tettienus
866 254 1070 295 Pardalas¹
1105 259 1143 293 et
1169 252 1173 307 Ι
1202 253 1382 293 Tettiena
1413 253 1561 293 Galene
1591 252 1837 306 tetrastylum
1863 251 1869 307 Ι
1896 263 1968 292 sua

254 329 423 382 pecunia
463 328 644 366 fecerunt
682 325 775 364 item
806 323 1015 363 simulacra
1047 321 1218 362 Castoris
1244 321 1250 375 Ι
1278 327 1317 361 et
1347 320 1517 361 Pollucis
1547 319 1817 374 municipibus
1845 319 1968 360 Asisi-

256 397 412 436 nanbus
442 396 536 434 don.
558 393 689 433 deder.
718 391 722 446 Ι
751 397 791 431 et
820 390 1067 431 dedicatione
1098 389 1259 441 epulum
1291 389 1574 429 decurionibus
1604 388 1757 441 sing.X
1783 389 1848 438 V²‚
1879 401 1968 430 sex·

254 478 323 503 vir.
344 462 383 502 ys
408 462 472 510 Ill,
501 461 505 515 Ι
534 461 663 513 plebei
694 459 728 499 Χ
756 459 801 499 IS
833 458 1041 498 dederunt.
1070 455 1075 512 Ι
1105 457 1143 497 S.
1176 470 1210 499 c.
1241 458 1267 497 l.
1298 457 1352 498 d.³

366 530 481 563 Asisii
513 527 583 572 (XI
601 527 692 562 5572
718 526 810 560 vidit
832 523 1045 569 Bormann).
1068 524 1117 551 —'
1146 526 1178 566 1)
1201 524 1366 558 Liberius
1389 524 1533 557 videtur
1555 522 1669 563 fuisse
1695 523 1864 558 Galeonis
1890 522 1969 556 Tet-

254 588 342 620 lieni
364 586 579 620 Petroniani
602 584 757 617 consulis
781 594 814 617 a.
829 582 871 616 76
895 580 959 627 (cf.
984 592 1095 624 supra
1120 580 1164 615 Ν.
1185 580 1285 625 4995)
1311 585 1375 614 aul
1399 580 1565 614 Galeonis
1586 579 1738 614 Tetlieni
1755 580 1879 614 Severi
1903 578 1970 625 (cf.

255 644 469 686 Prosopogr.
486 642 569 684 imp.
587 640 685 674 Rom.
709 652 735 674 s.
752 643 813 682 v.).
831 659 874 664 —
900 640 934 681 2)
960 638 1124 681 Singulis
1146 638 1314 671 denarios
1338 638 1477 680 quinos.
1496 656 1542 663 —
1566 638 1600 679 3)
1626 637 1780 671 Senatus
1805 636 1968 670 consulto

255 699 352 731 Iocus
376 697 492 732 datus.

367 801 482 847 3399
522 803 572 845 Μ.
604 803 687 841 Ael.
720 802 770 842 M.
803 802 828 841 f.
861 801 1045 840 Rusticus
1075 806 1219 847 rector,
1248 796 1254 854 Ι
1281 799 1388 838 imm.
1420 797 1476 846 11,
1513 798 1606 839 bon.
1640 798 1730 847 111¹,
1758 796 1763 853 Ι
1791 798 1831 838 in
1863 798 1967 838 diem

253 872 353 911 vitae
384 884 477 912 suae
512 870 517 926 Ι
553 870 776 911 mesoribus
816 868 942 909 mach.
975 869 1000 907 f.
1032 881 1070 920 p.
1099 866 1104 922 Ι
1133 868 1241 920 quib.
1274 880 1320 906 ex
1359 880 1390 906 s.
1422 878 1456 905 c.
1488 866 1584 906 coir.
1615 866 1708 914 lic.²‚
1744 865 1750 921 Ι
1787 866 1970 907 Castores

254 940 291 979 d.
314 940 349 982 d.
377 937 383 993 Ι
410 945 448 979 et
479 939 529 979 ob
560 938 806 979 dedicatione
843 935 848 990 Ι
883 937 989 977 dedit
1018 937 1119 988 sing.
1141 934 1176 975 X
1197 935 1267 983 11³,
1303 933 1308 989 Ι
1344 934 1388 974 L.
1411 934 1556 974 Faenio
1587 934 1719 974 Fidele
1746 931 1753 987 Ι
1779 946 1845 986 qq.
1875 932 1968 981 11.Ἰ

258 1008 387 1048 Dedic.
419 1006 485 1046 XV
518 1007 591 1046 kal.
623 1006 711 1046 Iun.
739 1004 744 1060 Ι
773 1004 991 1045 Saturnino
1022 1010 1061 1044 et
1091 1004 1198 1044 Gallo
1230 1003 1328 1044 cos!

367 1073 497 1107 Romae
522 1072 573 1117 (V
574 1073 593 1106 I
611 1074 674 1114 85;
706 1074 745 1105 in
766 1071 917 1114 gemello
943 1071 1060 1114 lapide
1084 1071 1205 1104 eadem
1228 1080 1341 1113 paene
1366 1072 1417 1103 est
1439 1071 1640 1112 inscriptio,
1663 1071 1854 1112 utramque
1877 1069 1971 1103 vidit

254 1129 425 1174 Henzen).
450 1149 494 1154 ——
521 1131 552 1171 1)
578 1129 750 1162 Immunis
773 1130 920 1170 ilerum,
945 1129 1144 1162 honoratus
1169 1129 1330 1168 tertium,
1361 1126 1497 1160 seilicet
1517 1128 1556 1159 in
1580 1136 1731 1169 corpore
1753 1136 1970 1168 mensorum,

254 1189 356 1220 euius
386 1190 421 1219 et
443 1190 562 1220 rector
585 1184 721 1225 fuerat.
751 1204 795 1209 —
830 1187 863 1228 2)
887 1185 1110 1218 Mensoribus
1133 1185 1368 1217 machinariis
1390 1181 1567 1223 frumenti
1588 1183 1743 1226 publici,
1773 1183 1901 1226 quibus
1923 1193 1972 1216 ex

252 1247 396 1277 senatus
427 1244 588 1276 consulto
621 1245 718 1276 coire
744 1242 837 1275 licet.
867 1261 911 1267 —
948 1243 983 1284 3)
1014 1242 1177 1283 Singulis
1208 1241 1374 1274 denarios
1406 1242 1518 1274 binos.
1550 1258 1595 1264 —
1631 1242 1665 1282 4)
1699 1239 1971 1283 Quinqueunalo

254 1303 392 1334 “lerum.
417 1319 463 1326 —-
487 1302 520 1341 5)
545 1301 588 1333 A.
611 1300 686 1333 498.

367 1402 482 1448 3400
535 1405 571 1444 (1.
594 1405 630 1444 d.
662 1405 858 1444 flaminica
879 1403 1055 1444 Viennae
1083 1406 1088 1456 Ι
1116 1404 1265 1456 tegulas
1296 1415 1438 1443 aeneas
1468 1408 1623 1443 auratas
1649 1401 1655 1456 Ι
1682 1415 1774 1444 cum
1805 1415 1968 1456 carpus-

255 1473 353 1524 culis
388 1479 427 1512 et
461 1471 465 1526 Ι
501 1472 700 1512 vestituris
732 1472 883 1512 basium
914 1477 954 1511 et
983 1471 1095 1523 signa
1122 1470 1129 1525 Ι
1160 1471 1334 1512 Castoris
1364 1478 1403 1511 et
1434 1470 1605 1511 Pollucis
1635 1483 1724 1511 cum
1757 1471 1869 1523 equis
1895 1469 1902 1524 Ι
1928 1479 1968 1512 et

254 1541 365 1593 signa
396 1540 580 1581 Herculis
611 1546 650 1580 et
680 1539 850 1580 Mercuri
878 1537 883 1592 Ι
910 1540 946 1580 d.
979 1553 1010 1579 s.
1042 1540 1079 1579 d.

370 1608 530 1641 Viennae
554 1607 806 1650 Allobrogum,
840 1606 972 1639 litteris
999 1607 1112 1649 primi
1138 1617 1174 1649 p.
1202 1606 1281 1639 Cltr.
1307 1607 1443 1639 saeculi
1467 1608 1625 1639 ineuntis
1657 1605 1746 1652 (XII
1766 1607 1850 1641 4904
1874 1606 1970 1640 vidit

254 1663 486 1708 Hirschfeld).
507 1684 552 1689 —
580 1663 715 1697 Tabula
741 1673 822 1696 cum
845 1664 989 1705 integra
1013 1674 1085 1696 esse
1109 1663 1274 1696 videatur
1297 1681 1342 1688 —
1368 1665 1461 1696 certe
1485 1662 1642 1703 fractam
1668 1673 1745 1696 eam
1770 1674 1842 1696 esse
1865 1673 1969 1696 nemo

253 1721 456 1762 adnotavit,
488 1722 633 1754 initium
664 1721 911 1762 inscriptionis
943 1718 1040 1763 (cum
1062 1722 1208 1752 nomine
1230 1718 1450 1763 flaminicae)
1486 1719 1639 1759 fortasse
1668 1721 1707 1753 in
1741 1720 1814 1753 alio
1846 1719 1971 1763 lapide

252 1780 425 1822 scriplum
445 1782 531 1811 erat.

365 1913 478 1959 3401
539 1915 618 1954 lovi
649 1914 825 1967 praestiti
852 1912 858 1968 Ι
885 1914 1076 1954 Hercules
1097 1913 1230 1953 Victor
1260 1913 1411 1960 dicavit,
1440 1912 1445 1968 Ι
1475 1914 1645 1955 Blandus
1676 1915 1751 1966 pr.¹
1785 1914 1968 1955 restituit.

372 1981 515 2024 Tibure,
540 1993 606 2014 ara
632 1991 834 2014 marmorea
860 1980 991 2013 litter-is
1012 1981 1174 2023 pulchris
1199 1980 1307 2021 (XIV
1314 1982 1406 2014 3555
1432 1981 1536 2024 vidi).
1563 2001 1603 2004 —
1629 1980 1760 2014 Romae
1784 1984 1864 2014 erat
1887 1991 1968 2022 ara,

254 2049 361 2081 quam
378 2040 436 2075 Διὶ
455 2034 632 2085 Εὖρεσίῳ
652 2038 718 2082 (sic
736 2038 953 2081 Dionysius;
978 2038 1198 2070 inventorem
1216 2037 1343 2079 Iovem,
1368 2037 1552 2080 appellant
1569 2037 1714 2071 Solinus
1729 2041 1765 2071 et
1780 2041 1909 2071 auctor
1925 2038 1968 2071 de

256 2099 347 2138 orig.
362 2097 481 2137 gentis
498 2094 607 2135 Hom„
634 2095 729 2137 quod
749 2105 888 2127 versum
910 2097 998 2136 puto
1016 2105 1062 2126 ea·
1080 2093 1231 2136 Graeco)
1257 2094 1297 2127 id
1313 2097 1364 2126 est
1386 2095 1459 2127 nisi
1481 2093 1595 2133 fallor
1618 2095 1696 2127 Iovi
1711 2095 1884 2128 Praestiti
1902 2105 1967 2138 po-

253 2154 363 2184 suisse
380 2151 566 2191 ferebatur
585 2151 752 2184 Hercules
767 2153 916 2193 propter
933 2152 1035 2183 boves
1052 2161 1074 2183 a
1094 2150 1184 2184 Caco
1201 2154 1431 2194 recuperatas
1448 2151 1617 2195 (Dionys.
1635 2152 1666 2193 4,
1677 2152 1735 2194 39,
1760 2151 1874 2185 Solen.
1890 2151 1922 2192 4,
1934 2150 1967 2194 7,

254 2211 383 2241 auctor
400 2208 512 2240 libelli
529 2208 570 2240 de
589 2208 681 2249 orig.
695 2208 817 2248 gentis
832 2205 929 2240 Rom.
948 2217 976 2240 c.
989 2207 1040 2250 8).
1078 2206 1216 2239 Similis
1239 2218 1305 2239 ara
1322 2206 1435 2246 fuisse
1459 2208 1602 2241 videtur
1622 2207 1752 2242 Tibure
1775 2218 1866 2250 quae
1881 2209 1968 2241 urbs

252 2265 445 2307 praecipue
470 2264 618 2297 Herculi
641 2275 748 2297 sacra
775 2263 987 2296 credebatur
1012 2261 1076 2303 (cf.
1105 2263 1189 2296 CIL.
1215 2263 1307 2297 XIV
1320 2275 1356 2306 p.
1372 2265 1440 2298 567
1462 2269 1497 2297 et
1519 2264 1621 2304 infra
1646 2263 1690 2298 N.
1706 2264 1970 2306 5414—544813

254 2331 331 2353 eam
356 2331 458 2353 aram
483 2321 701 2363 temporibus
726 2321 884 2362 Augusti
908 2320 963 2352 vel
990 2319 1123 2352 Tiberii
1146 2321 1306 2352 restituit
1328 2320 1491 2354 Blandus
1515 2322 1646 2354 nobilis
1667 2320 1877 2354 Tiburtinus
1900 2319 1967 2364 (cf.

254 2380 328 2412 not.
341 2377 390 2421 4).
415 2396 459 2401 —
498 2378 529 2418 1)
554 2377 620 2410 Est
645 2377 680 2410 G.
698 2376 882 2410 Rubellius
906 2376 1077 2418 Blandus,
1110 2377 1174 2418 qui
1195 2386 1305 2418 supra
1330 2376 1376 2411 N.
1393 2378 1466 2411 496.
1490 2379 1591 2412 5098.
1637 2377 1864 2411 Tiburtinum
1888 2387 1968 2410 eum

253 2433 367 2473 fuisse
390 2434 528 2467 indicat
557 2433 702 2467 Tacitus
726 2444 810 2467 ann.
833 2434 932 2473 ⁶327.
958 2433 1082 2473 44,22.
1366 2439 1368 2441 ’

367 2536 481 2583 3402
559 2537 748 2577 Hercules
779 2536 935 2584 invicte,
971 2536 1122 2577 Catius¹
1157 2538 1232 2577 hoc
1262 2544 1330 2577 tuo
1362 2535 1526 2592 donu[m
1557 2534 1690 2592 libens]

558 2604 711 2643 numini
743 2610 880 2643 sancto
912 2604 1053 2644 dicavit
1083 2612 1243 2657 praetor
1274 2606 1419 2652 urbis²‚
1451 2635 1588 2645 .....

555 2684 643 2711 cum
675 2673 738 2724 pia
769 2672 961 2712 sollemne
993 2679 1126 2712 mente
1157 2674 1231 2713 rite
1261 2675 1416 2714 fecisset
1447 2669 1642 2729 [sacrum]‚

555 2740 744 2779 tradidisti
776 2739 882 2791 quod
916 2740 1071 2780 Potitis³
1106 2741 1316 2781 Euandreo
1348 2737 1526 2797 [saeculo]

556 2808 912 2848 administrandum
943 2809 1166 2860 quodannis
1196 2809 1259 2849 hic
1286 2809 1331 2848 ad
1363 2805 1488 2865 a[ram
1518 2805 1760 2864 'nawa‘mJam

367 2874 497 2907 Romae
522 2884 594 2916 rep.
620 2884 692 2907 una
719 2885 797 2908 cum
822 2876 868 2907 iis
892 2886 983 2918 quae
1006 2878 1204 2918 sequuntur
1225 2886 1338 2918 prope
1362 2875 1543 2908 ecclesiam
1569 2875 1604 2909 S.
1623 2874 1763 2908 Mariae
1787 2878 1826 2909 in
1841 2877 1964 2911 ecbola

256 2931 390 2963 Graeca
416 2930 505 2974 (sive
530 2931 567 2962 in
594 2929 808 2974 Cosmedin),
839 2933 903 2964 ubi
926 2932 1030 2965 hodie
1055 2932 1189 2965 dicitur
1207 2927 1350 2975 ‘piazza
1376 2931 1492 2964 Bocca
1516 2931 1610 2965 della
1635 2926 1779 2965 Verita'
1804 2933 1877 2973 (VJ
1891 2933 1962 2968 513

254 2985 344 3017 vidit
368 2984 551 3018 Bormann
577 2988 821 3030 imminutam,
853 2987 1048 3029 pleniorem
1081 2988 1346 3031 descripserunt
1369 2988 1550 3021 Iucundus
1575 2988 1722 3032 aliique.
1769 2989 1965 3024 Buecheler

254 3050 362 3074 carm.
387 3043 501 3083 epigr.
527 3052 562 3075 n.
577 3043 676 3084 228).
726 3045 911 3077 Pertinent
934 3045 972 3077 Izi
996 3045 1095 3078 tituli
1125 3045 1174 3078 ad
1197 3055 1298 3078 aram
1326 3045 1487 3078 Herculis
1511 3046 1550 3078 in
1573 3043 1657 3085 foro
1683 3045 1817 3079 Boario
1841 3048 1964 3087 sitam,
