2092 3360
410 164 527 202 Tituli
549 164 647 202 sacri
669 166 708 201 et
731 164 973 201 sacerdotum.
999 183 1043 189 —
1067 162 1206 200 Virtus.
1231 162 1392 199 Bellona.
1416 161 1591 200 Victoria.
1771 162 1853 202 103

255 248 378 327 8805·
418 281 460 322 in
491 281 527 325 b.
561 280 600 321 d.
630 279 668 321 d.
698 279 794 320 deae
825 278 968 320 Virtuti
998 275 1173 333 Bellolne
1207 284 1384 318 montem
1414 277 1667 319 Vaticanum¹
1702 275 1709 334 Ι
1744 286 1853 320 vetu-

140 354 239 391 state
259 349 490 390 oonlabsum
518 347 526 404 Ι
550 347 792 390 restituerun
810 349 895 397 (sic)
916 346 1091 388 hastiseri
1119 343 1298 402 cilvitatis
1318 345 1566 396 Mattiacor.'‚
1587 346 1618 387 X
1642 346 1716 387 kal.
1736 342 1742 400 Ι
1759 347 1852 400 Sep.

140 417 234 471 imp.
255 417 294 458 d.
316 430 356 458 n.
380 416 592 458 Maximino
614 411 769 471 Au[9.]⁸
795 414 802 464 Ι
828 420 868 455 et
887 414 1074 456 Africano
1095 416 1206 463 cos.⁴‚
1235 415 1276 455 hi
1297 427 1468 467 quorum
1491 412 1664 470 nolmina
1694 414 1719 454 i.
1740 427 1772 455 s.
1793 414 1854 454 ta*

139 491 255 526 sunt:
284 482 290 538 Ι
316 484 362 525 G.
379 482 696 538 MeDDignatius‘*
721 483 890 524 Severus
911 496 995 524 cur.
1017 482 1090 533 bis,
1118 481 1123 538 Ι
1151 483 1194 524 L.
1211 483 1397 524 Levinius
1413 483 1578 532 Quotus,
1606 480 1613 538 Ι
1639 487 1855 532 (sequuntur

139 550 214 584 alia
237 552 383 585 nomina
406 551 587 597 sedecim).

255 607 401 642 Cascam
422 608 678 643 Mattiacorum
704 605 856 652 (Kastel)
889 618 964 651 rep.
989 607 1207 648 (Brambaclz
1230 606 1340 647 155&
1376 607 1541 640 IIuebner
1565 618 1621 640 ez.
1644 617 1712 640 scr.
1738 608 1853 650 epigr.

139 674 175 698 n.
191 664 297 709 1101,·
321 664 399 698 vidi
420 668 616 710 ectypum).
630 683 678 690 —
703 666 736 706 1)
762 663 823 698 Sic
845 675 948 697 mons
969 663 1032 698 ille
1047 682 1092 688 —
1107 665 1181 696 slve
1197 663 1402 703 aedificium
1426 662 1511 706 fuit,
1535 666 1656 707 utpote
1680 664 1779 707 quod
1799 675 1854 697 ve-

138 723 275 755 tuscala
299 721 492 765 collapsum
517 723 664 756 restitui
683 723 848 764 potuerit
868 739 926 763 —‚
952 722 1031 755 sine
1054 721 1161 754 dubio
1186 719 1387 763 appellatus
1408 722 1557 762 propter
1580 723 1733 753 montem
1760 720 1855 754 Vati-

137 787 267 811 canum
295 779 398 812 urbis
420 778 567 820 Romae,
599 781 638 811 in
670 788 739 821 quo
763 788 868 812 sacra
894 777 1023 812 Matris
1052 777 1156 811 deum
1181 777 1418 820 praecipuam
1439 776 1556 809 sedem
1579 787 1681 810 suam
1704 779 1744 810 in
1767 778 1855 810 urbe

136 834 306 868 videntur
323 836 487 869 habuisse
504 834 569 879 (cll
586 834 631 869 Ν.
644 835 730 870 4151
748 826 821 869 not.
832 836 888 878 ὅ).
924 835 1073 869 Bellona
1093 835 1212 876 igitur
1234 834 1322 866 haec
1345 835 1499 875 cognata
1515 832 1645 866 Matris
1669 833 1782 876 deum,
1807 832 1854 873 cf.

137 891 188 924 ad
201 890 248 925 Ν.
262 892 364 926 3806.
380 911 426 917 -
451 894 485 935 2)
511 890 566 932 Cf.
583 891 776 925 Mommsen
794 892 911 926 Herm.
927 892 978 927 22
988 902 1026 935 p.
1038 891 1117 926 557.
1133 909 1180 915 —
1204 890 1238 932 3)
1255 889 1349 923 Haec
1367 888 1467 934 (inde
1483 900 1505 923 a
1529 889 1561 924 d.
1580 891 1630 932 n.)
1653 901 1770 932 erasa,
1794 890 1857 924 sed

140 947 322 991 leguntur.
346 966 393 974 ·—
422 950 456 992 4)
480 950 524 983 A.
539 949 622 983 236.
646 968 689 973 —
723 950 756 991 5)
781 947 887 988 Infra
909 950 1057 991 scripta.
1084 967 1125 971 —
1151 948 1188 987 6)
1211 946 1265 979 De
1290 948 1314 980 B
1340 947 1460 980 littera
1486 945 1533 987 cll
1557 946 1602 981 N.
1618 947 1709 981 2626
1733 950 1806 979 nol.
1824 947 1856 980 1.

253 1027 369 1074 3806
418 1029 463 1069 T.
481 1029 633 1069 Statilio
663 1029 807 1077 Tauro,
835 1028 841 1083 Ι
877 1028 941 1069 Μ’.
972 1028 1138 1069 Aemilio
1171 1027 1320 1081 Lepido
1352 1028 1463 1076 cos.¹‚
1500 1025 1507 1081 Ι
1542 1027 1766 1068 Tricunda²
1795 1027 1854 1068 Ti.

138 1096 275 1137 Claudi
307 1097 500 1138 Neronis⁸
528 1109 606 1138 ser.
636 1097 753 1150 vilic„
780 1099 787 1148 1
813 1097 984 1150 magist..⁴
1013 1096 1202 1137 Bellonae
1232 1095 1420 1136 lucerna‘
1450 1108 1540 1136 cum
1568 1093 1574 1150 Ι
1599 1095 1705 1137 suis‘
1735 1108 1854 1136 orna-

138 1172 263 1206 ment.
294 1165 424 1206 libens
453 1165 587 1206 animo
617 1166 765 1206 donum
793 1163 801 1219 Ι
827 1165 905 1213 dat,
937 1164 1030 1205 idib.
1063 1165 1164 1213 lun„
1194 1164 1235 1204 in
1267 1163 1434 1217 Ligures
1464 1164 1695 1205 Baebianos.

254 1232 421 1266 Marcone
444 1233 483 1265 in
506 1242 600 1275 agro
624 1232 803 1275 Ligurum
826 1232 1092 1266 Baebianorum
1120 1232 1160 1264 in
1185 1230 1346 1274 Samnio,
1376 1232 1507 1265 tabella
1539 1242 1649 1265 aenea
1673 1232 1856 1274 utrimque

135 1290 291 1332 scripta,
321 1299 396 1321 una
427 1291 570 1332 reperta
602 1299 683 1322 cum
715 1289 862 1323 lucerna
895 1300 1023 1330 aenea,
1055 1289 1104 1322 ad
1131 1298 1238 1331 quam
1271 1292 1348 1321 erat
1378 1298 1567 1331 suspensa,
1599 1298 1696 1320 nunc
1721 1287 1856 1321 Ooeonii

139 1343 209 1386 (IX
227 1345 313 1379 1456
335 1343 384 1385 cf.
409 1344 501 1388 ΕρΙι.
525 1355 579 1388 ep.
602 1347 636 1387 8,
658 1347 723 1387 90;
746 1348 941 1389 imaginem
965 1349 1001 1379 et
1024 1345 1175 1379 tabellae
1198 1347 1234 1378 et
1257 1345 1426 1378 lucernae
1449 1344 1548 1378 dedit
1571 1344 1693 1377 Evam
1712 1344 1854 1377 Procoe-

137 1401 244 1445 da'ngs
268 1400 316 1442 ol*
332 1402 392 1434 the
415 1400 560 1446 Society
586 1400 634 1442 of
649 1404 875 1447 antiquarios
899 1402 947 1443 of
962 1403 1115 1437 London
1144 1413 1212 1436 ser.
1236 1402 1276 1435 ΙΙ
1302 1402 1370 1435 vol.
1395 1401 1454 1444 14,
1483 1400 1607 1446 189115
1632 1411 1669 1444 p.
1693 1401 1785 1443 156).
1809 1420 1855 1425 -

139 1459 173 1499 1)
195 1459 239 1492 Α.
259 1469 298 1502 p.
324 1458 405 1492 Chr.
429 1457 482 1492 11.
516 1476 564 1483 —
598 1460 632 1501 2)
656 1458 754 1493 Nota
777 1470 905 1494 nomen
928 1462 1026 1493 servi
1048 1460 1263 1493 Isauricum.
1294 1477 1340 1483 —
1376 1459 1410 1500 3)
1434 1458 1555 1492 Filius
1579 1458 1709 1499 Drusi,
1739 1459 1770 1490 is
1793 1460 1855 1500 qui

132 1518 260 1558 postea
283 1516 494 1558 imperavit,
525 1518 634 1548 natue
658 1526 692 1550 a.
716 1527 752 1550 u.
778 1527 807 1550 e.
831 1516 913 1559 744,
945 1516 1151 1550 adulescens
1175 1517 1292 1559 igilur
1323 1518 1409 1548 tune
1432 1516 1567 1558 viginti
1596 1524 1785 1548 annorum.
1809 1527 1863 1538 ——

135 1573 171 1614 4)
197 1572 374 1615 magister,
411 1573 446 1614 5)
470 1571 643 1606 lucernam
676 1574 716 1606 in
747 1574 862 1607 altero
895 1574 1006 1607 latere
1038 1573 1198 1615 tabellae,
1230 1575 1295 1606 eet.
1326 1591 1371 1596 —
1407 1572 1442 1614 6)
1466 1570 1575 1605 SVES
1598 1568 1751 1604 'videtur
1782 1582 1856 1603 esse

138 1632 234 1662 certe
255 1630 295 1662 in
320 1628 436 1662 altero
468 1629 580 1663 latere
603 1629 763 1664 tabellae.
793 1649 839 1655 —
872 1630 1034 1665 Celerum
1057 1631 1145 1663 llaec
1168 1629 1335 1671 Bellona,
1366 1640 1388 1662 a
1411 1639 1513 1662 servo
1537 1629 1674 1662 Asiana
1705 1631 1745 1661 ul
1766 1630 1854 1670 puto

138 1684 203 1731 (cll
227 1687 300 1719 not.
316 1684 357 1731 2)
382 1685 498 1728 culta,
529 1686 674 1720 videtur
695 1697 768 1720 non
792 1686 1036 1720 Romanorum
1059 1687 1208 1720 Bellona
1232 1684 1356 1727 fuisse,
1386 1685 1450 1718 sed
1471 1676 1548 1718 dea
1564 1686 1778 1728 peregrina,
1809 1695 1855 1717 ea:

137 1742 228 1775 Asia
254 1742 423 1784 oriunda,
448 1746 605 1786 cognata
621 1742 752 1776 Matris
769 1744 872 1777 deum
900 1742 966 1788 (οἷ’.
982 1742 1084 1784 infra
1109 1743 1152 1779 N.
1169 1743 1264 1785 4107,
1288 1753 1398 1786 supra
1422 1741 1466 1775 N.
1484 1743 1586 1784 2939,
1611 1745 1647 1774 et
1665 1744 1853 1785 praeterea

137 1798 273 1833 Preller
297 1799 388 1833 aas
412 1799 451 1832 II
469 1810 504 1843 p.
515 1799 622 1844 386),·
656 1800 882 1834 sacerdotum
914 1803 992 1834 eius
1021 1801 1107 1835 deae
1138 1800 1263 1834 titulos
1295 1799 1458 1832 dabimus
1489 1797 1592 1838 infra
1619 1802 1702 1841 pose
1731 1797 1855 1830 titulos

138 1855 363 1889 sacerdotum
387 1855 518 1889 Matris
541 1866 696 1899 magnae
719 1856 781 1898 (N.
797 1857 883 1891 4180
895 1856 996 1902 seq).

252 1934 369 1980 3807
414 1937 595 1978 Geminia
624 1938 763 1991 Myrtis
794 1945 833 1978 et
862 1939 998 1978 Anicia
1026 1938 1032 1993 Ι
1060 1938 1216 1978 Prisca¹
1244 1936 1249 1990 Ι
1278 1949 1350 1989 pro
1379 1936 1505 1976 salute
1534 1936 1629 1987 imp.
1653 1935 1850 1985 Caesaris1

140 2004 290 2044 Nervae
320 2004 478 2044 Traiani
507 2005 607 2057 Aug.
640 2005 732 2045 Ger.
762 2005 856 2045 Dae.
883 2004 891 2058 Ι
917 2018 964 2046 ex
995 2005 1162 2058 imperio
1193 2005 1327 2044 aedem
1358 2003 1544 2043 Bellonae
1572 2000 1578 2056 Ι
1603 2015 1634 2043 s.
1665 2015 1704 2055 p.
1736 2002 1763 2041 s.

247 2071 307 2104 Ad
321 2070 460 2104 Forum
476 2071 588 2114 Appii
604 2070 656 2114 (X
668 2072 755 2105 6482
773 2071 880 2104 semel
895 2072 1076 2114 descripta
1093 2082 1184 2105 saec.
1201 2070 1350 2112 XVIII).
1367 2088 1412 2095 —
1439 2071 1470 2111 1)
1497 2067 1551 2109 Cf.
1567 2079 1679 2112 supra
1695 2067 1740 2103 N.
1753 2069 1854 2103 3081.

139 2127 183 2161 In
208 2127 329 2160 eadem
351 2129 500 2170 regione
523 2130 688 2169 repertus
711 2130 764 2160 est
787 2128 883 2161 alius
909 2127 1037 2160 titulus
1058 2126 1229 2160 Bellonae
1252 2127 1395 2160 dicatus
1418 2125 1564 2160 Notizie
1586 2126 1675 2160 1898
1695 2137 1731 2168 p.
1746 2127 1800 2160 66.

253 2206 370 2253 3808
428 2209 541 2249 Marti
572 2215 611 2249 et
640 2209 826 2249 Bellonae
852 2207 857 2264 Ι
886 2209 1038 2250 Sestius
1065 2209 1256 2261 Nigrinus
1285 2221 1333 2248 ex
1359 2206 1365 2263 Ι
1392 2205 1532 2264 ius[s]u
1562 2207 1752 2260 reposuit.

254 2275 397 2309 Alesiae
419 2287 506 2319 rep„
529 2279 581 2309 est
602 2276 715 2320 Dljon
740 2275 847 2319 (XIII
866 2277 958 2310 2872
982 2277 1076 2310 vidit
1099 2273 1332 2316 Hirschfeld).

254 2355 369 2402 3809
427 2354 690 2413 Dislciplilnae
716 2355 722 2412 Ι
749 2356 932 2414 mililtari.

254 2425 404 2459 Altavae
427 2426 467 2457 in
490 2424 731 2467 Mauretania,
755 2435 822 2458 ara
847 2425 955 2466 (VIII
974 2425 1067 2459 9852
1092 2424 1183 2457 vidit
1210 2422 1440 2463 W‘ilmanns).
1469 2441 1515 2471 —.
1546 2421 1684 2455 Similis
1708 2432 1774 2454 ara
1799 2433 1855 2455 re-

134 2483 243 2525 perta
276 2483 329 2514 est
356 2480 423 2515 Bir
450 2480 548 2516 Umm
571 2480 634 2515 Ala·
657 2491 773 2525 prope
805 2479 1005 2515 Tltevestem
1038 2480 1147 2522 (VIII
1167 2480 1273 2514 10637
1296 2495 1342 2508 ==
1366 2479 1506 2520 17585).
1542 2497 1587 2502 —-
1622 2477 1854 2522 Discipulinae

140 2538 337 2580 [Alugss‘gd
363 2537 627 2581 (Augustorum
652 2539 778 2578 trium)
804 2537 989 2571 dedicatus
1013 2539 1065 2569 est
1089 2540 1113 2570 l.
1138 2536 1374 2570 Britannicus
1399 2535 1471 2568 VII
1489 2536 1565 2568 896.

253 2615 370 2662 3810
427 2631 492 2659 ara
519 2616 525 2673 Ι
552 2619 796 2672 disciplinae.

256 2685 445 2718 lambam·
468 2685 517 2718 ad
535 2686 761 2729 praetorium
784 2695 871 2727 rep„
895 2693 963 2715 ara
988 2683 1097 2723 (VIII
1118 2683 1153 2717 S.
1166 2683 1277 2717 18058
1299 2682 1392 2716 vidie
1416 2643 1606 2727 Schmidt).

254 2763 366 2810 8811
421 2764 629 2821 victorilae
659 2766 826 2813 divinae,
853 2764 859 2819 Ι
888 2763 1050 2804 Virtutis
1076 2761 1081 2817 Ι
1109 2763 1242 2804 comiti
1268 2762 1276 2818 Ι
1301 2764 1467 2816 Auggg„
1494 2763 1502 2817 Ι
1527 2770 1559 2803 1⁴.
1590 2776 1629 2816 p.
1661 2776 1695 2803 c.
1729 2763 1786 2802 1,st

258 2832 445 2866 Lambaesi
468 2833 577 2873 (VIII
604 2832 639 2867 S.
665 2833 774 2866 18240
804 2831 896 2864 vidit
918 2829 1106 2873 Pur-gold).
1138 2849 1182 2854 —
1221 2831 1252 2871 1)
1285 2828 1351 2862 Res
1378 2829 1524 2872 publica
1557 2830 1719 2862 coloniae
1749 2827 1854 2863 Lam-

142 2888 357 2922 haccitanae.

255 2966 372 3013 3812
426 2969 619 3010 Victoriae
649 2970 749 3022 Aug.
778 2968 784 3023 Ι
811 2967 1043 3021 Augustales
1074 2970 1321 3012 (inlateribus
1337 2979 1471 3003 corona
1490 2969 1635 3012 Ιαιινεας
1655 2970 1807 3014 palma).

254 3034 370 3070 Nolae
393 3034 443 3077 (Χ
464 3035 556 3070 1237
583 3035 676 3076 vidit
697 3035 920 3079 Mommsen).
