2092 3360
275 160 330 198 60
1021 155 1141 200 Caput
1167 153 1231 188 Xl.

387 272 500 318 3457
542 272 701 313 Herculi
725 267 907 325 Saxan[o]
937 267 942 324 Ι
967 268 1184 309 ἸΛὼίειῐηυε
1205 269 1377 309 Endruri
1406 266 1411 323 Ι
1439 266 1624 315 Quiutalli
1654 263 1659 320 Ι
1685 278 1720 303 v.
1743 277 1774 304 s.
1797 264 1821 303 l.
1845 259 1915 318 [a.]

395 341 556 374 Tridenti
582 338 632 382 (V
646 338 737 371 5015
761 337 853 370 vidit
877 336 1097 380 Mommsen).

389 441 503 488 3458
551 441 711 480 Herculi
744 441 842 492 Aug.
872 438 877 495 Ι
904 453 981 480 sac.
1014 440 1093 479 Val.
1128 437 1369 495 Valelrianus
1400 439 1494 488 mil„
1522 436 1528 493 Ι
1556 450 1645 478 cum
1677 433 1911 491 insistlerem
1942 434 1989 475 ad

275 509 463 566 caplitella
495 508 797 562 colusmnarum¹
839 508 886 548 ad
917 506 1076 563 terlmas
1106 506 1329 561 Licinan1s2
1360 511 1444 556 (sie)
1477 520 1515 559 q.
1547 519 1580 546 a.
1613 519 1655 546 se
1694 504 1816 544 *inne
1847 500 1990 557 Slirmi,

274 593 307 619 v.
339 580 364 618 l.
396 592 426 619 s.

392 646 434 678 In
467 645 586 678 insula
612 644 753 676 Brazza
782 642 982 675 Dalmatiae
1012 654 1086 686 rep.
1113 643 1160 676 ad
1183 642 1400 686 lapicidinas
1431 643 1598 682 vetustas,
1628 650 1724 672 nunc
1748 638 1893 673 Salonis
1917 637 1994 682 (111

277 703 313 736 S.
329 702 434 736 10107
458 702 552 735 vidit
574 699 807 741 Hirschfeld).
832 718 877 723 —
905 701 937 741 1)
965 697 1135 732 Thermae
1151 699 1376 739 Licinianae,
1401 697 1554 738 fortasse
1579 696 1778 740 appellatae
1803 707 1824 728 a
1849 694 1993 728 Licinio

281 762 506 803 imperatore.
543 777 588 783 —
626 759 659 800 2)
684 755 890 795 Hirschfeld
923 755 1037 799 (arch.
1070 767 1117 799 ep.
1148 755 1264 790 Mitth.
1297 766 1363 788 aus
1398 754 1509 787 Oestr.
1533 756 1565 795 9,
1590 753 1677 787 1885
1704 763 1740 796 p.
1756 751 1817 796 24)
1851 749 1995 791 confert

277 816 484 849 Passionem
515 815 731 849 Sanctorum
767 816 940 856 quattuor
973 813 1237 846 Coronatorum
1276 812 1350 857 (ap.
1382 811 1588 853 Buedinger
1620 810 1757 845 Unters.
1785 819 1853 842 zur
1883 818 1991 842 roem.

283 872 523 915 Kaisergesch.
547 873 583 913 5,
606 871 692 904 1870
712 880 749 912 ρ.
765 868 866 914 525),
897 871 960 902 ubi
984 870 1233 902 Diocletianus
1257 871 1436 902 narratur
1455 869 1677 911 praecepisse
1703 869 1745 899 ut
1766 862 1827 899 ‘ew
1849 864 1996 898 metallo

277 930 533 972 porphyretico
559 928 725 971 capitella
751 928 998 959 columnarum
1023 922 1299 958 inciderentur’.

393 1029 508 1076 3459
549 1031 709 1071 Herculi
737 1028 742 1083 Ι
769 1030 929 1082 lapidari
958 1027 963 1084 Ι
990 1026 1362 1085 Alman[t]i}censes¹
1393 1027 1399 1084 Ι
1426 1043 1464 1082 p.
1900 1084 1903 1087 ¹

393 1100 427 1132 S.
446 1099 579 1131 Ponzio
602 1108 715 1140 prope
738 1096 892 1130 Nizzam
916 1107 991 1139 rep.
1017 1096 1073 1140 (V
1090 1098 1177 1130 7869
1201 1096 1308 1129 semel
1331 1096 1511 1139 descripta
1535 1106 1626 1129 saec.
1651 1094 1786 1136 XVII).
1812 1112 1854 1118 —
1883 1093 1916 1135 1)
1941 1091 1996 1133 Cf:

276 1155 344 1189 XII
366 1156 446 1189 752.

390 1245 504 1292 3460
563 1246 723 1286 Herculi
756 1243 762 1299 Ι
797 1244 959 1284 barbato
988 1242 993 1298 Ι
1020 1256 1175 1285 sacrum
1211 1242 1217 1299 Ι
1244 1244 1293 1284 Μ.
1318 1244 1468 1284 Hellius
1494 1242 1501 1298 Ι
1528 1244 1736 1284 Secundus
1762 1241 1768 1298 Ι
1802 1241 1963 1283 tubicen
1986 1240 1996 1296 Ι

277 1317 354 1368 leg.
375 1315 407 1355 X
442 1315 486 1354 G.
513 1327 552 1367 p.
582 1311 587 1368 Ι
614 1315 638 1357 f.
669 1312 675 1368 Ι
702 1327 735 1353 v,
757 1327 787 1353 s.
809 1313 835 1353 l.
858 1326 908 1352 m.

390 1382 505 1415 Brohl
527 1392 601 1423 rep.
627 1392 659 1414 a.
676 1381 761 1414 1840
787 1380 1007 1423 (Brambach
1030 1381 1097 1413 655
1123 1391 1170 1412 ea:
1195 1378 1326 1412 Lersch
1353 1378 1656 1412 Centralnzuseum
1680 1377 1810 1411 rheinl.
1826 1376 1994 1420 luscha).

392 1472 504 1518 3461
548 1473 706 1513 Herculi
739 1479 776 1513 et
804 1471 809 1528 Ι
837 1473 1047 1513 Alcmenae
1075 1470 1080 1527 Ι
1108 1472 1149 1512 C.
1174 1470 1401 1526 Maternilus
1423 1471 1577 1511 Primus
1604 1469 1609 1525 Ι
1635 1483 1670 1510 v.
1692 1483 1730 1523 p.
1753 1470 1778 1509 l.
1799 1482 1852 1509 m.

397 1541 516 1585 Geyer
539 1544 612 1574 sive
635 1540 757 1583 Jeuclc,
781 1542 844 1583 qui
867 1541 967 1572 vicus
992 1542 1043 1572 est
1060 1550 1080 1571 a
1100 1539 1232 1572 Leodio
1251 1538 1413 1583 (Liittich
1429 1550 1455 1571 s.
1473 1538 1597 1583 Lz‘ege)
1622 1540 1718 1571 inter
1739 1537 1997 1580 septentriones

279 1601 315 1631 et
339 1598 556 1631 occidentem
581 1608 703 1630 versus
729 1596 853 1641 (Orell.
869 1597 956 1630 4556
980 1595 1026 1635 cs:
1054 1596 1256 1629 Brambach
1279 1606 1367 1628 mus.
1386 1595 1494 1629 Rhen.
1511 1596 1568 1637 20,
1591 1595 1678 1629 1865
1691 1605 1728 1637 p.
1743 1594 1820 1637 627,
1845 1593 1996 1627 Schuer-

277 1665 378 1688 mans
403 1654 487 1687 bull.
513 1655 572 1687 des
597 1656 841 1687 commis-siens
865 1653 960 1686 d'art
985 1656 1020 1685 et
1043 1651 1236 1686 d’arche'ol.
1261 1653 1304 1685 de
1328 1652 1500 1695 Belgique
1516 1653 1546 1693 7,
1570 1653 1657 1686 1868
1676 1663 1714 1695 p.
1729 1653 1791 1685 68.-
1815 1650 1922 1683 semel
1943 1652 1995 1684 vi·

281 1711 385 1744 detur
409 1711 587 1754 descripta
612 1721 685 1743 esse
707 1721 799 1745 saec.
825 1709 956 1753 XVII).

392 1802 507 1849 3462
567 1803 737 1843 Camurii
757 1799 1012 1859 Taci[t]inus¹
1041 1800 1047 1857 Ι
1074 1807 1113 1842 et
1132 1802 1298 1843 Hermes
1328 1802 1411 1854 lib„
1441 1801 1551 1841 Vlvir
1581 1802 1695 1855 Aug„
1723 1800 1730 1855 Ι
1755 1801 1874 1854 sign.²
1903 1801 1996 1841 aba·

279 1885 368 1913 cum
399 1885 489 1912 cum
520 1872 644 1923 signis
674 1871 709 1911 II
737 1869 742 1925 Ι
769 1871 940 1911 Hercule
971 1877 1010 1911 et
1039 1869 1252 1923 Amphale³
1281 1869 1437 1921 colleg.⁴
1463 1867 1469 1924 Ι
1496 1869 1725 1910 dendrofor.
1756 1871 1794 1910 d.
1816 1871 1853 1911 d.

389 1940 552 1973 Veronae
579 1938 633 1982 (V
633 1938 737 1979 ι5512
762 1938 870 1971 semel
894 1937 1070 1980 descripta
1093 1947 1184 1971 saec.
1198 1937 1293 1978 XV).
1315 1954 1361 1961 -—
1389 1937 1421 1979 1)
1445 1936 1480 1971 C.
1499 1937 1618 1970 amurii
1643 1940 1679 1969 et
1701 1937 1829 1970 deinde
1852 1937 1998 1971 taciinus

283 1996 453 2031 traditur.
471 2014 517 2022 -—
542 1996 577 2038 2)
602 1995 754 2038 Signum
781 1994 899 2039 (cuius
916 1994 984 2034 dei,
1008 2004 1082 2027 non
1100 1991 1287 2037 traditur).
1304 2011 1349 2018 —
1374 1994 1409 2035 3)
1432 1993 1590 2037 amphale
1620 1994 1790 2036 traditur,
1816 1994 1912 2038 quod
1925 2004 1998 2027 non

281 2052 503 2085 mutandum.
544 2052 586 2084 In
612 2051 733 2084 tabula
757 2062 972 2094 marmorea,
997 2061 1089 2094 qnae
1113 2050 1198 2083 olim
1224 2049 1355 2083 Romae
1376 2048 1470 2092 fuit,
1494 2060 1591 2082 nunc
1614 2052 1668 2082 est
1689 2049 1844 2094 Neapoli
1868 2050 1999 2094 (edidit

282 2119 359 2141 eam
377 2109 541 2141 Piranesi
564 2108 725 2141 raccolta
751 2108 789 2140 di
814 2110 892 2141 vasi
916 2109 1054 2141 antichi
1078 2109 1149 2141 tab.
1166 2107 1238 2151 87),
1262 2109 1301 2140 in
1318 2117 1388 2150 qua
1404 2107 1537 2150 sculpti
1559 2109 1643 2140 sunt
1658 2107 1845 2140 duodecim
1863 2107 2000 2141 labores

282 2165 449 2198 Hercules
472 2167 507 2196 et
529 2165 569 2196 in
593 2165 708 2197 medio
733 2166 809 2207 ipse
826 2165 995 2198 Hercules
1019 2175 1099 2197 cum
1119 2163 1297 2207 Omphale,
1322 2162 1494 2206 infraque
1517 2174 1623 2197 arcus
1647 2166 1683 2196 et
1702 2165 1887 2207 pharetra,
1912 2175 1998 2208 qua-

280 2221 402 2255 sillum
427 2224 462 2254 et
486 2221 595 2262 colus,
627 2223 723 2253 inter
755 2231 846 2263 quae
870 2223 1104 2263 interpositus
1135 2223 1187 2253 est
1211 2220 1339 2253 titulus
1362 2221 1420 2252 hic
1444 2219 1560 2253 Cassia
1581 2219 1587 2263 Ι
1608 2218 1699 2254 Mani
1722 2219 1792 2254 filia
1814 2220 1821 2264 Ι
1841 2219 1997 2255 Priscilla

283 2278 375 2320 fecit,
399 2280 439 2311 in
463 2289 504 2310 ea
531 2277 651 2310 tabula
677 2277 726 2310 ad
748 2279 924 2319 imagines
948 2277 1111 2310 Herculis
1137 2280 1171 2309 et
1196 2276 1381 2318 Omphales
1406 2276 1587 2319 adscripta
1611 2279 1696 2310 sunt
1718 2278 1892 2311 vocabula
1915 2277 1997 2312 Her-

282 2335 388 2378 cules,
416 2333 583 2378 Omphale
602 2333 674 2377 (VI
685 2333 802 2368 5475*
826 2335 921 2366 inter
937 2333 1061 2375 falsas,
1085 2344 1158 2366 non
1182 2336 1275 2365 recte
1298 2335 1340 2365 ut
1363 2333 1453 2365 mihi
1475 2333 1640 2374 videtur;
1663 2333 1712 2374 ef.
1737 2333 1912 2378 Stephani
1934 2335 1999 2369 der

282 2391 510 2425 ausruhende
526 2391 697 2424 Herakles
711 2390 858 2433 p.2o5).
903 2389 1054 2423 Videtur
1075 2390 1291 2432 pertinuisse
1315 2390 1436 2423 tabula
1461 2390 1510 2422 ad
1532 2391 1734 2433 sepulerum
1759 2391 1898 2432 (iudice
1921 2391 1999 2425 Ste—

283 2450 419 2492 phanio
448 2447 617 2490 Omphale
642 2448 746 2480 habet
770 2447 889 2479 vultus
912 2446 1074 2479 mulieris
1097 2445 1290 2489 mortalis).
1316 2465 1359 2470 —
1391 2447 1425 2488 4)
1451 2446 1618 2489 Collegio.

399 2549 513 2596 3463
554 2551 715 2590 Herculi
742 2549 747 2603 Ι
775 2551 882 2590 iussu
915 2549 1059 2589 Silvani
1087 2547 1092 2604 Ι
1119 2550 1194 2597 dei,
1223 2547 1228 2604 Ι
1257 2549 1326 2589 Cn.
1351 2550 1511 2590 Sentius
1543 2549 1691 2602 Carpus
1718 2548 1724 2604 Ι
1752 2551 1824 2590 fec.

401 2617 542 2657 Romae,
569 2627 666 2649 nunc
689 2617 897 2650 Florentiae
923 2616 995 2659 (VI
1014 2617 1083 2649 288
1106 2617 1198 2649 vidit
1222 2616 1392 2660 Henzen).

399 2719 512 2765 3464
554 2721 713 2761 Herculi
744 2720 889 2759 Libero
921 2720 1079 2759 Silvano
1107 2718 1112 2774 Ι
1140 2721 1213 2761 diis
1243 2720 1390 2760 sanctis
1420 2720 1478 2759 Ti.
1502 2719 1623 2759 lulius
1650 2719 1871 2760 Alexander
1900 2721 1937 2761 d.
1959 2721 1996 2762 d.

398 2787 538 2830 Romae,
563 2788 690 2820 deinde
716 2788 849 2821 Ooeonii
873 2787 945 2828 (Vl
964 2788 1057 2827 294).

399 2891 512 2937 3465
554 2893 713 2933 Herculi
745 2907 775 2934 s.
798 2894 856 2942 s.¹‚
885 2891 891 2949 Ι
919 2894 1076 2933 Silvano
1107 2907 1137 2932 s.
1159 2893 1218 2940 s.¹,
1247 2889 1253 2947 Ι
1279 2891 1329 2932 Μ.
1352 2891 1491 2943 Ulpius
1519 2889 1524 2945 Ι
1551 2859 1782 2944 Apollonius
1796 2860 1820 2946 Ι
1842 2894 1939 2945 Aug.
1970 2892 1996 2932 Ι.

288 2974 408 3013 preco
436 2959 442 3015 Ι
470 2961 636 3001 familiae
657 2961 837 3001 castresis
864 2959 870 3014 Ι
897 2962 1039 3014 posuit.

403 3027 534 3060 Romae
558 3038 632 3069 rep.
661 3030 762 3059 trans
790 3027 944 3060 Tiberim
971 3027 1043 3069 (VJ
1061 3028 1169 3061 50911
1195 3027 1289 3060 vidit
1313 3025 1438 3069 Gattr).
1464 3044 1504 3049 —-
1541 3026 1573 3067 1)
1597 3024 1729 3059 Sancto
1751 3035 1906 3059 sacrum.
