2092 3360
278 138 395 176 Tituli
419 149 571 186 operum
594 139 830 186 locorumque
853 140 1095 186 publicorum.
1124 162 1163 167 ——
1190 141 1374 179 Lanu-iae
1398 144 1468 179 eet.
1493 141 1701 179 Mensurae.
1766 141 1848 181 393

195 279 198 283 >
252 256 367 299 Propo
394 254 572 299 Gagliano
598 257 638 289 in
662 255 808 289 eeclesia
833 255 1009 300 quadam,
1030 258 1188 300 pertinet
1215 257 1265 291 ad
1280 257 1548 301 Superaequum
1572 257 1742 301 oppidum
1768 258 1850 291 Pae-

133 313 318 355 lignorum
343 311 413 357 (IX
432 312 525 347 3807
548 312 641 346 vidit
663 312 834 357 Dressel).
857 332 903 338 —
931 314 962 355 1)
988 312 1042 353 cr.
1066 312 1112 347 Ν.
1131 314 1219 348 2677
1242 318 1316 348 not.

249 391 363 439 56⁰0
413 394 454 434 C.
476 393 666 434 Aemilius
696 394 737 435 C.
770 394 796 434 f.
828 394 940 447 Serg.
972 374 1375 450 HomullinusTl—dec.
1407 396 1482 436 eol.
1514 396 1654 445 Mum..
1694 396 1745 437 ob
1776 397 1849 437 ho-

135 475 273 503 norem
307 462 315 512 Ι
351 461 574 502 flaminatus
603 461 790 503 tabernas
819 462 849 502 L
881 474 970 503 cum
999 462 1005 516 Ι
1031 464 1252 516 porticibus
1281 463 1470 517 duplicib.
1503 464 1542 504 in
1575 464 1683 518 quib.
1710 464 1716 520 Ι
1744 477 1849 506 mer-

136 537 248 571 catus
277 537 475 584 ageretur,
506 530 675 583 pecunia
705 528 710 584 Ι
736 543 804 572 sua
836 531 942 572 fecit.

252 597 396 631 Mur-sae
420 596 570 639 (Eszeg)
594 608 668 640 rep.
703 597 778 640 (111
796 598 893 632 3288
915 599 1021 631 semel
1044 602 1086 631 ut
1108 599 1250 632 videtur
1274 599 1482 642 descripta).

247 677 359 724 5601
410 679 452 722 L.
487 679 680 720 Domitius
719 680 1030 720 Ahenobarbus¹
1072 678 1078 734 Ι
1118 692 1276 732 procos.
1317 678 1324 735 Ι
1363 681 1539 720 trimod.²
1573 681 1727 733 posuit,
1772 693 1850 733 qua

134 749 307 789 civitates
336 747 492 788 salem³.

254 814 375 850 Uticae
397 825 491 858 rep.‚
523 818 574 847 est
597 814 742 858 Leydae
774 816 813 848 in
836 824 954 847 museo
987 813 1095 858 (VIII
1117 814 1201 849 4480
1225 814 1274 856 ef.
1297 817 1412 859 suppl.
1436 815 1555 856 44540,
1580 816 1851 858 Zangemeister

140 873 290 907 eontulit
315 872 486 915 lapidem,
512 870 675 905 Schmidt
698 871 892 915 eetypum).
926 889 973 895 —
1012 872 1045 913 1)
1070 870 1203 906 Consul
1223 870 1299 912 suit
1320 882 1357 906 u.
1372 873 1451 915 758,
1480 872 1677 916 proconsul
1697 871 1851 911 Africae

139 940 172 964 a.
190 929 257 963 742
284 927 392 968 (VIII
411 929 483 970 68).
516 946 564 954 -
599 929 633 970 2)
660 926 891 962 Trimodium.
938 927 981 961 In
1004 927 1195 972 superficie
1226 929 1357 973 lapidis
1386 934 1438 963 est
1459 928 1643 972 foramen,
1674 931 1734 962 eui
1764 929 1851 963 olim

136 997 197 1019 vas
221 987 333 1018 trium
356 985 557 1018 modiorum
580 983 736 1025 infixum
760 982 874 1025 fuisse
893 985 1095 1028 putandum
1121 984 1182 1019 est.
1197 1004 1243 1010 —
1267 987 1302 1028 3)
1319 986 1381 1020 sal.
1406 996 1470 1022 em.
1491 986 1623 1028 Wilm„
1647 986 1852 1031 explicam.-

135 1043 245 1076 salem
269 1043 511 1076 emetirentur.
553 1041 624 1075 Sed
637 1041 780 1074 videtur
793 1042 915 1084 potius
937 1044 1113 1085 seriptum
1137 1053 1209 1075 esse
1225 1043 1349 1084 salem,
1372 1046 1407 1075 et
1429 1045 1620 1086 inser-iptio
1637 1045 1849 1077 continuata

132 1099 244 1137 fuisse
266 1101 306 1132 in
330 1098 404 1132 alio
428 1098 546 1141 lapide
569 1097 762 1140 deperdito.

253 1178 367 1225 5602
415 1181 459 1220 Α.
482 1179 641 1219 Clodius
670 1181 714 1219 A.
746 1179 771 1218 f.
795 1178 993 1228 Flaccus¹‚
1033 1179 1079 1219 N.
1102 1181 1275 1221 Areaeus
1304 1181 1348 1224 N.
1382 1182 1410 1221 f.
1429 1161 1627 1222 *Arelliam
1650 1182 1817 1223 Caledus
1842 1180 1849 1238 Ι

132 1251 167 1293 d.
201 1262 236 1289 v.
267 1249 292 1289 i.
324 1249 361 1289 d.
403 1260 610 1289 mensuras
649 1247 923 1300 exaequandas
961 1260 1008 1288 ex
1047 1249 1130 1292 dec.
1164 1249 1271 1289 decr.
1303 1259 1370 1301 (In
1393 1259 1582 1303 superficie
1606 1260 1738 1303 lapidis
1761 1271 1850 1294 cava

133 1318 292 1360 quinque
322 1315 586 1358 magnitudinis
618 1315 791 1357 diversae,
822 1315 872 1348 ad
901 1325 993 1359 quae
1017 1315 1200 1359 adscripta
1229 1314 1382 1356 fuerunt
1409 1316 1583 1350 voeabula
1610 1317 1699 1350 Osca
1723 1319 1849 1360 postea

133 1373 267 1416 deleta;
292 1375 330 1406 in
356 1372 502 1415 angulis
525 1374 698 1415 quattuor
722 1382 810 1406 eava
835 1374 1006 1415 minora.)

249 1430 428 1473 Pompeiis
451 1439 527 1472 rep.
551 1431 592 1462 in
614 1427 700 1469 foro
724 1429 774 1462 ad
796 1429 918 1463 aedem
935 1429 1125 1473 Apollinis,
1150 1439 1271 1463 mensa
1296 1430 1449 1473 lapidea,
1473 1434 1525 1463 est
1540 1429 1696 1474 Neapoli
1720 1430 1772 1474 (X
1782 1432 1851 1466 795

133 1487 228 1521 vidit
241 1486 467 1532 Mommsen).
484 1506 525 1511 -
545 1485 729 1520 Vos-abula
750 1486 837 1519 Osca
851 1488 993 1530 primus
1008 1489 1182 1530 quantum
1197 1486 1282 1528 fieri
1300 1488 1423 1529 potuit
1446 1487 1534 1530 legit
1551 1487 1734 1521 Carmelus
1748 1487 1850 1521 Man-

134 1546 209 1578 cini
235 1543 405 1578 Giornale
429 1543 528 1587 degli
549 1543 650 1576 soavi
673 1543 713 1576 di
728 1543 875 1587 Pompei
897 1554 933 1577 n.
949 1554 978 1578 s.
992 1545 1029 1585 2,
1052 1544 1138 1578 4870
1160 1555 1194 1587 p.
1213 1544 1274 1577 444
1284 1555 1367 1587 seq„
1391 1545 1455 1587 qm·
1478 1544 1739 1578 demonstravit
1762 1555 1850 1578 cava

136 1601 205 1635 illa
229 1601 426 1644 aliquando
457 1602 602 1634 minora
626 1598 739 1640 fuisse
762 1603 798 1633 et
813 1601 1042 1643 postmodum
1066 1604 1191 1644 aucta,
1213 1601 1351 1634 scilieet
1374 1611 1444 1644 quo
1470 1603 1627 1644 tmpore
1649 1601 1851 1634 domesticis

134 1660 435 1703 Pompeianorum
457 1659 636 1691 mensuris
654 1657 945 1701 ponderibusque
969 1656 1130 1692 Romana
1154 1668 1282 1692 norma
1305 1659 1498 1691 substituta
1530 1660 1593 1691 est.
1642 1657 1696 1698 ct:
1720 1657 1850 1692 Nissen

134 1725 254 1759 pomp.
272 1715 425 1749 Studien
439 1725 476 1758 p.
488 1715 529 1748 74
539 1726 610 1758 seq.
622 1734 668 1739 —
695 1716 730 1756 1)
752 1714 895 1748 Duovir
911 1717 1020 1748 tertio
1035 1713 1111 1755 fuit
1126 1726 1159 1749 a.
1176 1726 1212 1750 u.
1231 1726 1260 1749 e.
1275 1715 1378 1759 751s2
1396 1714 1523 1759 (supra
1539 1714 1690 1750 lv.5053
1705 1718 1781 1749 not.
1792 1711 1850 1759 4),-

134 1772 231 1805 unde
254 1775 406 1814 apparet
429 1773 525 1805 hune
549 1771 695 1804 titulum
716 1773 875 1814 positum
900 1783 972 1804 esse
995 1772 1123 1805 mediis
1145 1771 1224 1811 fer-e
1247 1774 1466 1815 temporibus
1489 1773 1660 1815 Augusti.

250 1851 364 1898 5603
417 1854 462 1894 L.
493 1854 642 1894 Gellius
672 1854 716 1894 L.
747 1854 775 1893 f.
806 1854 1044 1906 Poplicola1,
1089 1853 1131 1894 C.
1164 1854 1366 1895 Caedicius
1396 1854 1437 1897 C.
1467 1855 1493 1894 f.
1535 1852 1540 1908 Ι
1582 1855 1757 1903 duovir.‚
1803 1867 1850 1893 ex

135 1936 166 1964 s.
197 1934 232 1962 c.
264 1923 442 1974 pondera
473 1929 512 1963 et
541 1927 664 1962 metra
698 1921 706 1970 Ι
746 1929 1035 1974 exaequarunt,
1075 1923 1201 1963 eidem
1231 1922 1280 1962 de
1309 1935 1380 1963 sua
1410 1923 1580 1975 pecunia
1616 1919 1621 1977 Ι
1662 1922 1850 1975 ponenda

135 1997 340 2031 curarunt.

250 2056 450 2092 Minturnis
473 2068 560 2101 rep„
582 2067 704 2090 mensa
723 2057 962 2100 ponder-aria,
986 2061 1039 2090 est
1060 2059 1099 2090 in
1123 2068 1244 2105 museo
1260 2056 1502 2101 Neapolitano
1508 2065 1524 2101 ,⁶
1548 2057 1676 2091 titulus
1690 2059 1730 2091 in
1750 2060 1850 2091 utro-

137 2126 205 2158 que
228 2116 342 2149 latere
364 2124 505 2147 massae
535 2113 586 2158 (X
604 2113 689 2148 6047
717 2113 810 2147 vidit
831 2113 1053 2156 Mommsen).
1089 2134 1133 2139 —
1172 2116 1204 2157 1)
1233 2115 1416 2148 Incertum
1438 2119 1560 2148 utrum
1583 2116 1614 2147 is
1637 2116 1702 2158 qui
1725 2115 1852 2148 consul

135 2171 212 2212 suit
234 2183 268 2205 a.
292 2182 327 2206 u.
354 2182 382 2205 e.
406 2171 481 2205 748.

135 2322 237 2371 tatis,
265 2320 272 2377 Ι
298 2321 464 2375 proprio
495 2327 668 2374 sumptu.

252 2388 422 2426 oompme
447 2387 516 2424 (IX
535 2389 602 2420 980
624 2387 717 2419 vidit
739 2387 898 2431 Brunn).

251 2468 364 2515 5505
412 2504 422 2513 .
449 2501 457 2509 .
481 2500 489 2509 .
513 2499 523 2509 .
558 2466 736 2525 [CJertus
766 2481 831 2521 qq.
862 2469 975 2510 aedil.
1011 2467 1017 2525 Ι
1055 2466 1194 2528 [pot.P]
1227 2500 1236 2510 .
1259 2499 1270 2509 .
1291 2499 1302 2510 .
1333 2482 1540 2510 mensuras
1567 2468 1573 2524 Ι
1609 2499 1845 2512 ........

138 2534 253 2595 [cu]m
286 2539 421 2591 exagio
483 2545 523 2578 et
550 2539 603 2578 ho
626 2566 768 2577 .....
796 2535 804 2590 Ι
828 2537 915 2577 ricu
936 2567 947 2577 .
969 2567 979 2578 .
1002 2567 1012 2577 .
1035 2570 1046 2580 .

253 2605 446 2639 Lambaese
471 2604 579 2645 (VIII
598 2605 690 2638 5294
716 2602 763 2643 efi
787 2603 893 2637 48477
920 2604 1030 2638 deser.
1055 2605 1248 2638 Delaman
1273 2607 1400 2638 auctor
1423 2604 1644 2648 accuratus).

252 2685 368 2732 5606
416 2687 461 2727 L.
493 2687 704 2727 Terentius
734 2685 939 2734 Crescens,
969 2686 1013 2726 L.
1036 2687 1080 2726 V.
1111 2718 1120 2727 .
1141 2722 1150 2731 .
1177 2717 1187 2727 .
1209 2718 1218 2727 .
1241 2718 1250 2727 .
1278 2687 1285 2740 Ι
1311 2687 1394 2727 aed.
1426 2700 1479 2739 p..
1520 2699 1696 2727 mensur.
1729 2686 1848 2726 olear.

141 2767 162 2795 a
181 2786 191 2796 .
208 2787 217 2796 .
237 2786 247 2796 .
265 2786 274 2796 .
299 2751 508 2812 [impensis]
537 2754 542 2809 Ι
568 2755 649 2796 suis
679 2755 781 2806 aeq.¹
812 2761 851 2797 et
880 2753 1085 2795 dedicaver
1087 2785 1229 2795 .....

210 2821 397 2856 Car-tennis
404 2821 549 2867 (Tenes)
558 2825 596 2856 in
603 2822 831 2856 Mauretania
845 2833 918 2864 rep.
929 2820 1034 2865 (Vm
1046 2823 1131 2856 9666
1138 2822 1233 2854 vidit
1243 2820 1526 2864 Wilmanns).—
1545 2821 1849 2864 1)Aequaverunt.

254 2902 367 2949 5607
416 2903 468 2944 Μ.
490 2903 700 2944 Salvidien.
728 2901 734 2958 Ι
761 2903 928 2943 Vettian.
956 2901 963 2956 Ι
989 2903 1112 2956 praes.
1143 2902 1226 2942 aed.
1257 2898 1430 2959 p0t[est.]
1458 2902 1464 2957 Ι
1490 2915 1665 2943 mensur.
1688 2903 1807 2971 olear.
1835 2902 1843 2957 Ι

143 2978 182 3011 et
209 2971 366 3024 signum
394 2969 401 3026 Ι
427 2967 532 3028 [psa]
563 2984 646 3012 sua.

260 3038 409 3071 Brixiae
433 3041 448 3078 (
453 3039 491 3073 V
504 3039 591 3072 4468
612 3038 720 3071 semel
742 3039 920 3081 descripta
945 3047 1035 3070 saec.
1060 3035 1171 3080 XVI).
