2092 3360
263 159 345 199 180
1018 158 1138 203 Caput
1160 157 1225 192 XI.

378 273 492 319 4381
556 285 629 325 pro
660 273 784 312 salute
825 272 977 313 ordinis
1007 279 1046 312 et
1075 273 1237 325 populi¹
1278 274 1389 326 signa
1426 272 1432 328 Ι
1469 273 1627 325 Serapis
1666 280 1705 314 et
1734 275 1847 316 Isidis
1885 288 1976 316 cum

263 341 502 395 ergasteris²
541 341 622 380 suis
659 339 665 388 Ι
701 347 739 380 et
769 340 983 380 aediculam
1017 340 1056 379 in
1088 340 1282 390 scholam,
1321 338 1590 396 permitltente
1621 342 1775 392 ordine,
1810 342 1817 395 Ι
1849 343 1976 396 Apro-

265 411 409 463 nianus
439 422 471 448 r.
494 421 534 461 p.
556 408 761 459 Aequicul.
793 403 898 464 s[e]r.
930 407 1030 447 ark.³
1057 404 1062 461 Ι
1090 420 1178 448 cum
1203 409 1441 461 Aequicula⁴
1470 409 1631 449 Bassilla
1662 415 1701 450 et
1725 407 1978 466 Aequilculo⁴

265 477 496 530 Aproniano
527 475 581 514 fil.
612 487 700 527 pec.
731 488 801 516 sua
833 476 936 515 fecit.
965 472 971 528 Ι
998 475 1042 515 L.
1068 476 1104 515 d.
1127 475 1164 515 d.
1186 477 1224 516 d.

377 543 467 576 Pace
483 544 523 574 in
541 542 751 584 Aequiculis
775 542 846 583 (IX
857 543 944 577 4442
961 543 1054 575 vidit
1069 542 1239 585 Dressel).
1262 562 1308 568 —
1335 545 1367 586 1)
1391 542 1570 586 Intellege,
1595 545 1651 576 rei
1663 545 1829 588 publicae
1845 546 1978 590 Aequi-

263 599 487 633 culanorum.
503 617 549 623 —-
572 599 606 640 2)
632 599 885 641 Ergasterium
907 599 1117 643 plerumque
1139 610 1213 633 non
1236 600 1389 633 multum
1413 601 1538 642 differt
1563 612 1584 633 a
1610 602 1769 635 taberna.
1809 602 1904 645 Quid
1918 603 1978 637 hie
2050 615 2057 630 υ

263 657 388 697 subsit,
412 656 602 689 incertum.
619 674 665 680 —
690 656 723 698 3)
749 656 846 689 Idem
871 657 1042 689 arcarius
1066 655 1220 689 Mithrae
1245 656 1423 689 dedicavit
1448 658 1592 691 titulum
1616 668 1728 701 supra
1751 658 1797 693 Ν.
1819 659 1916 694 4490.
1934 678 1978 685 —-

263 713 299 753 4)
324 711 436 745 Manu
459 713 558 744 missi
582 715 687 745 erant
710 723 732 745 a
756 723 795 745 re
815 712 963 755 publiea
989 712 1336 755 Aequiculanorum,
1366 716 1407 746 ut
1431 714 1586 747 ostendit
1604 715 1845 756 gentilicium.

375 803 495 851 4382
548 805 685 857 Sarapi
716 812 755 845 et
785 805 875 846 Isidi
912 804 918 859 Ι
954 806 998 846 L.
1030 806 1168 847 Iunius
1198 780 1378 862 Rufilnus
1409 803 1702 863 Proculilanus¹
1732 807 1824 848 trib.
1854 807 1881 850 l.
1911 820 1946 848 c.
1970 806 1977 863 Ι

263 873 344 914 mil.
375 874 451 926 leg.
472 872 563 912 xm
594 872 657 913 ω

376 940 490 983 Apuli
512 942 551 972 in
574 939 692 973 Dacia
719 939 795 984 (III
815 940 850 974 S.
867 940 950 974 7770
974 941 1069 974 vidit
1090 940 1386 984 Domaszewslci).
1421 958 1468 966 -
1507 939 1539 985 1)
1569 939 1749 975 Tribunus
1773 942 1979 977 laticlaviue

263 997 419 1031 militum
445 997 596 1039 legionis
618 997 710 1030 XIII
731 996 908 1031 Geminae.

377 1086 492 1132 4383
552 1088 688 1141 Serapi
726 1085 1008 1143 conserlvatori
1044 1094 1083 1129 et
1112 1088 1204 1129 Isidi
1239 1086 1244 1142 Ι
1280 1089 1462 1140 ceterisq.
1495 1089 1553 1130 dis
1582 1086 1784 1145 delabusq.
1817 1089 1825 1097 ⁶
1869 1102 1935 1130 mo
1959 1113 1978 1121 -

264 1156 372 1197 talib.
400 1155 404 1211 Ι
432 1154 704 1198 !!!!!!!!!
729 1155 734 1212 Ι
762 1154 1064 1198 !!!!!!!!!!
1089 1155 1095 1211 Ι
1122 1154 1258 1197 !!!s¹
1290 1169 1328 1209 p.
1359 1169 1393 1196 a.
1425 1156 1474 1197 s.²
1498 1156 1505 1211 Ι
1533 1169 1622 1197 cum
1654 1157 1773 1198 Fabia
1793 1157 1979 1211 Tiltiana'

264 1237 389 1264 uxore
416 1222 421 1279 Ι
450 1230 489 1264 et
518 1224 674 1264 Titiano
702 1221 707 1277 Ι
734 1224 828 1264 filio.

382 1290 560 1325 Carnunti
590 1291 664 1331 (ΙΙΙ
691 1290 726 1324 S.
751 1291 858 1325 44457
887 1292 980 1325 vidit
1004 1289 1247 1335 Kabitschek).
1281 1309 1326 1314 —
1368 1292 1398 1334 l)
1430 1290 1569 1325 Nomen
1599 1293 1676 1325 eius
1706 1294 1769 1335 qui
1800 1291 1980 1326 dedicavit

266 1358 418 1381 erasum.
453 1367 499 1372 —-
539 1349 573 1390 2)
604 1347 767 1381 Litterae
802 1347 1090 1391 significationis.
1117 1348 1300 1381 obscurae.
1335 1366 1379 1372 —
1421 1349 1456 1390 3)
1486 1348 1656 1382 Fortasse
1691 1348 1813 1382 eadem
1843 1348 1979 1383 Maesia

265 1403 383 1438 Fabia
418 1403 561 1437 Titiana
592 1414 682 1447 quae
717 1404 925 1438 Caraeallae
955 1416 988 1438 a.
1013 1404 1087 1438 497.
1117 1404 1183 1438 498
1208 1405 1332 1447 posuit
1362 1404 1485 1438 titulos
1515 1404 1657 1439 Siculos
1684 1405 1721 1439 X
1746 1405 1844 1440 7276.
1874 1405 1978 1440 7345.

268 1459 429 1493 Ceterum
454 1459 500 1500 ef.
526 1461 718 1494 Mommsen
741 1462 791 1494 ad
813 1461 871 1494 ΙΙΙ
891 1461 926 1494 S.
952 1461 971 1493 l.
991 1472 1020 1494 e.

380 1550 495 1596 4384
549 1553 622 1592 deo
654 1560 791 1593 sancto
827 1551 832 1608 Ι
868 1555 1003 1605 Serapi
1031 1552 1038 1606 Ι
1063 1554 1254 1606 templum
1285 1567 1306 1594 a
1336 1552 1432 1609 sollo
1463 1554 1557 1595 feeit
1587 1551 1594 1607 Ι
1630 1553 1686 1594 Cl.
1716 1552 1979 1610 Hieronylmi-

269 1632 369 1660 anus
399 1621 473 1672 leg.
504 1618 509 1674 Ι
543 1621 618 1673 leg.
640 1621 690 1660 VI
722 1621 801 1661 Vic.
833 1625 892 1666 (In
916 1628 1070 1668 utroque
1101 1626 1211 1659 latere
1235 1625 1382 1659 caducei
1406 1626 1489 1666 duo,
1514 1626 1615 1669 pelta
1641 1627 1779 1668 lunata,
1811 1628 1978 1668 astrum).

381 1687 543 1720 Eburaei
568 1687 660 1731 (VII
678 1689 744 1722 240
768 1688 860 1721 vidit
882 1688 1076 1732 Huebner).

382 1777 499 1824 4385
540 1785 710 1827 (sphinae;
731 1796 792 1828 pes
816 1795 935 1828 angue
959 1785 1260 1825 eireumoolutus;
1283 1786 1431 1827 sphinoe)
1457 1779 1530 1820 deo
1552 1780 1689 1832 Serapi
1717 1778 1723 1832 Ι
1749 1780 1800 1820 Μ.
1818 1779 1978 1829 Vibius}

270 1848 481 1889 Onesimus
507 1847 513 1903 Ι
540 1861 586 1888 ex
615 1849 701 1888 visu
732 1852 789 1896 (in
814 1853 926 1886 latere
949 1855 1099 1886 sinistro
1118 1853 1264 1896 Serapis
1287 1853 1411 1886 sedens
1434 1853 1554 1886 modio
1571 1855 1733 1895 ornatus,
1756 1863 1785 1885 s.
1800 1855 1980 1896 sceptrum

272 1918 415 1956 tenens-‚-
439 1915 487 1948 ad
507 1915 614 1958 pedes
637 1917 738 1949 canis
760 1915 783 1960 [
785 1916 841 1948 vel
857 1915 1053 1949 Cerberus?
1054 1915 1075 1960 J
1082 1925 1097 1960 ‚·
1120 1918 1160 1949 in
1184 1916 1295 1949 latere
1319 1916 1448 1949 deaetro
1466 1915 1532 1948 lsis
1555 1926 1582 1949 s.
1599 1916 1757 1958 situlam,
1782 1915 1816 1949 d.
1831 1917 1981 1949 sistrum

269 1974 417 2015 tenens).

385 2027 527 2070 Romae,
550 2038 647 2061 nune
666 2027 793 2063 Urbini
818 2027 891 2071 (VI
909 2029 977 2063 572
1001 2029 1096 2062 vidit
1110 2029 1318 2069 Bormann;
1342 2028 1536 2061 delineavit
1556 2027 1726 2061 Fabretti
1746 2028 1811 2063 467
1830 2027 1925 2074 XX).

384 2117 498 2163 4386
558 2120 603 2159 D.
626 2120 803 2160 Valerius
829 2122 835 2171 Ι
871 2120 1063 2161 Chaereas
1090 2118 1096 2175 Ι
1131 2132 1195 2172 qq.
1226 2121 1309 2172 pp.¹
1348 2131 1438 2160 eum
1466 2117 1472 2174 Ι
1498 2119 1544 2159 D.
1566 2118 1719 2159 Valerio
1746 2116 1752 2174 Ι
1779 2119 1981 2160 Chaerean

271 2191 357 2235 (sic)
384 2185 390 2240 Ι
418 2187 514 2236 iun„
544 2188 614 2236 fil„
645 2201 725 2240 qq„
754 2185 759 2241 Ι
786 2194 825 2228 et
854 2188 898 2228 P.
921 2188 1031 2228 Aelio
1058 2186 1064 2243 Ι
1092 2187 1314 2228 Alexandro
1341 2184 1347 2240 Ι
1374 2189 1494 2228 fratre
1520 2189 1526 2238 Ι
1553 2192 1763 2240 protomen
1792 2185 1801 2244 Ι
1825 2186 1983 2240 Serapis

273 2267 320 2294 ex
347 2252 353 2309 Ι
379 2267 461 2307 arg.
492 2268 531 2307 p.
553 2255 587 2295 X
613 2255 620 2309 Ι
647 2269 694 2296 ex
726 2257 805 2296 viso
832 2255 838 2311 Ι
866 2252 1063 2312 colleg[2·0]
1090 2253 1097 2311 Ι
1124 2285 1134 2295 .
1157 2285 1167 2303 ‚
1191 2285 1200 2295 .

385 2321 516 2355 Romae
545 2333 619 2365 rep.
651 2324 715 2355 sub
748 2322 923 2366 Capitolio
951 2324 1230 2366 septentrionem
1258 2332 1381 2355 versus
1414 2322 1493 2366 (VI
1509 2323 1624 2357 50998
1645 2336 1690 2350 -ι
1715 2320 1815 2355 Gatti
1836 2320 1984 2355 Notizie

272 2379 370 2421 degli
391 2380 491 2411 soavi
513 2379 602 2413 4895
624 2389 659 2422 p.
676 2379 766 2422 447).
791 2398 837 2404 -
863 2379 895 2422 1)
920 2378 1206 2421 Quinquennalis
1227 2382 1430 2422 perpetuus,
1455 2378 1600 2421 collegii
1622 2379 1788 2413 alicuius.

385 2468 499 2515 4387
834 2461 1013 2524 Serap'idi
1043 2471 1116 2511 deo
1140 2501 1379 2514 ........
1393 2486 1395 2489 f

509 2535 617 2594 [imp.
643 2535 797 2594 Caesar]
831 2539 878 2582 M.
903 2539 1101 2580 Aurellius
1121 2535 1367 2594 Antoninu[s
1387 2538 1482 2579 Pius
1505 2538 1607 2591 selim
1626 2534 1739 2594 Aust]
1754 2538 1764 2558 ¹

676 2602 885 2662 [pont]ifex
915 2619 1028 2655 max„
1059 2607 1248 2648 tribunic.
1279 2602 1453 2662 pote[st.]
1478 2635 1615 2646 .....

1204 2674 1338 2714 aedem
1363 2703 1567 2713 .......

386 2738 518 2772 Romae
541 2742 581 2773 in
600 2743 808 2784 pavimento
834 2740 1003 2774 ecelesiae
1027 2740 1063 2775 S.
1079 2741 1244 2784 Agathae
1263 2740 1457 2774 Gothorum
1481 2739 1551 2779 (VI
1564 2739 1630 2774 570
1645 2740 1789 2783 saepius
1805 2738 1984 2782 deneripta

274 2806 365 2830 saec.
390 2795 477 2829 XVI
482 2797 682 2842 —XVIII).
729 2798 790 2832 Ad
818 2797 986 2840 templum
1018 2797 1165 2840 Serapis
1195 2797 1291 2840 quod
1319 2798 1359 2830 in
1388 2797 1535 2838 regione
1565 2797 1664 2829 urbis
1692 2798 1796 2829 sexta
1826 2797 1986 2828 recenset

274 2851 416 2885 Notitia
440 2855 550 2895 urbis,
574 2854 740 2895 referunt
763 2855 980 2898 topographi
1004 2853 1157 2895 (Becker
1170 2864 1206 2897 p.
1221 2854 1313 2895 6833
1337 2851 1473 2886 Preller
1495 2851 1580 2895 Reg.
1594 2863 1631 2896 p.
1648 2852 1734 2893 4245
1759 2850 1806 2892 ef2
1831 2850 1986 2884 Huehen
2050 2854 2053 2856 '

277 2918 364 2942 mus.
380 2908 490 2944 Rhen.
507 2910 592 2945 4894
611 2922 650 2955 p.
665 2914 750 2956 594,
775 2913 845 2955 qui.
862 2921 907 2943 ea:
931 2911 998 2943 lzoe
1023 2911 1150 2954 templo
1175 2909 1360 2953 Serapidis
1383 2908 1516 2942 rudera
1539 2908 1760 2952 superfuisse
1778 2909 1924 2951 putavit
1946 2908 1986 2940 in

277 2968 397 2998 monte
414 2965 597 3007 Quirinali
613 2979 704 3011 quae
721 2971 828 3001 antea
852 2978 874 3000 a
894 2966 1077 3010 plerisque
1102 2966 1225 3009 templi
1240 2965 1335 2999 Solis
1350 2964 1463 3004 fuisse
1483 2964 1735 3008 putabantur).
1749 2983 1793 2989 -
1819 2965 1852 3007 1)
1876 2963 1987 2998 Gara-

279 3020 373 3053 ealla
395 3024 517 3064 potius
541 3034 647 3067 quam
670 3024 894 3066 Elagabalus
907 3025 937 3064 .(
939 3022 989 3063 ef.
1012 3025 1075 3058 vit.
1102 3022 1226 3057 Carae.
1248 3023 1272 3056 9
1296 3024 1330 3054 et
1353 3021 1505 3054 Huelsen
1529 3021 1552 3055 1.
1571 3019 1628 3065 e.).
