2092 3360
198 173 280 211 342
933 170 1052 215 caput
1075 170 1156 205 X11.

197 284 276 328 111²
311 287 473 340 palmar.
509 283 514 339 Ι
549 286 624 325 hoc
664 285 813 325 donum
849 285 969 335 vovit,
1007 283 1012 340 Ι
1050 285 1211 325 natione
1242 285 1337 325 Afri.
1407 296 1457 339 (A
1479 298 1646 339 sinistra,
1682 297 1811 331 litteris
1832 311 1912 335 κιο·

199 363 314 413 νηδόν
338 365 532 407 dispositis)
562 352 811 393 Garamanti³
834 353 945 393 nica!
978 362 1017 407 (a
1036 363 1166 396 dextra
1189 364 1357 397 similiter
1371 365 1563 406 scriptum)
1596 353 1735 395 (ἶθῐίῑί3
1758 357 1866 398 Dicat

311 431 444 465 Romae
477 430 549 475 (VI
568 431 678 465 40058
709 431 878 464 viderunt
901 431 1058 465 Smetius
1090 433 1256 477 aliique).
1292 451 1338 457 --
1376 432 1407 472 1)
1438 431 1492 464 De
1523 431 1678 465 dominis
1711 431 1912 473 factionum

197 488 391 531 iisdemque
415 489 658 530 agitatoribus
690 487 738 528 cf:
763 486 1007 522 Friedliinder
1031 499 1087 532 ap.
1113 488 1328 532 Marquardl
1351 488 1581 524 Staatsverw.
1606 488 1685 522 111²
1707 500 1742 532 p.
1765 490 1846 526 520.
1867 510 1913 516 —

198 547 233 588 2)
256 537 301 579 1—11
322 544 484 578 Metellus
509 546 654 588 aliique,
678 543 719 578 111
741 546 904 589 plerique
929 548 1103 580 auctores.
1155 545 1241 579 Tria
1267 546 1367 579 milia
1387 546 1596 589 palmarum
1613 546 1670 590 (id
1692 548 1786 579 enim
1809 547 1913 580 intel-

200 602 360 646 legitur),
385 604 494 634 immo
510 604 618 635 etiam
639 602 760 645 plura,
784 602 978 635 rettulerat
1001 605 1036 635 et
1058 603 1245 646 Pompeius
1261 603 1459 636 Musclosus
1485 604 1613 646 (supra
1634 602 1679 637 Ν.
1692 603 1783 637 5287
1799 613 1831 638 υ.
1842 604 1913 646 49).

197 679 242 683 -
267 661 301 702 3)
324 657 482 692 Nomina
513 669 686 702 equorum
712 662 847 702 putant
871 659 1124 703 (Mommsenus
1149 661 1302 692 coniecit
1328 659 1660 693 Garamantinicam
1684 660 1821 693 dictum
1844 671 1914 694 esse

198 718 388 759 aurigam,
413 717 476 759 qui
492 726 581 759 equo
598 715 661 749 illo
678 716 836 761 vicerit).
875 716 936 749 Ea:
952 718 1019 750 lzoc
1035 717 1143 750 titulo
1159 716 1354 757 factionem
1374 716 1706 751 Garamantinicam
1723 717 1916 761 desumpsit

196 773 373 813 falsarius
397 774 460 815 qui
485 772 715 806 incidendum
744 774 888 806 curavit
911 774 1056 807 titulum
1082 773 1133 807 VI
1155 774 1278 808 40066)Ί
1302 776 1376 808 not.
1400 790 1445 804 =
1469 774 1612 806 Henzen
1635 773 1730 808 6480.

313 864 426 911 5297
467 866 522 906 Cl.
544 867 702 907 Aurelio
730 867 973 920 Polyphemo
1015 865 1020 922 Ι
1062 867 1223 908 domino
1256 875 1296 908 et
1326 869 1529 921 agitatori¹
1567 870 1574 920 Ι
1615 869 1796 909 factionis
1826 882 1914 910 rus-

198 942 317 983 satae‚
355 935 491 987 togeni
533 933 538 990 Ι
581 932 827 983 Caesareus²‚
866 936 926 976 sui
958 936 1148 988 temporis
1178 938 1306 989 primo
1346 935 1352 991 Ι
1393 944 1432 977 et
1469 937 1554 977 solo
1591 937 1823 977 factionario
1863 937 1914 977 ob

198 1004 323 1056 gloria
350 1001 355 1057 Ι
384 1034 393 1043 .
417 1034 426 1043 .
451 1033 460 1043 .
493 1012 552 1058 (ln
577 1013 705 1058 latere)
737 1004 913 1045 dedicata
954 1004 962 1057 Ι
1002 1005 1038 1044 d.
1073 1018 1111 1044 n.
1151 1005 1361 1046 Aureliano
1393 1007 1493 1058 Aug.
1525 1005 1599 1054 111,
1638 1003 1643 1058 Ι
1687 1004 1914 1046 Marcellino

202 1068 300 1112 cos.³
335 1072 426 1112 XIII
456 1071 532 1112 kal.
565 1072 726 1112 Febrar.

313 1138 445 1172 Romae
470 1138 542 1183 (VI
555 1139 660 1173 40060
684 1140 855 1173 viderunt
871 1139 1025 1174 Smetz'us
1049 1141 1217 1183 aliique).
1235 1159 1277 1164 —
1307 1142 1338 1183 1)
1364 1139 1419 1180 Cf.
1438 1140 1487 1173 ad
1500 1139 1545 1174 Ν.
1557 1140 1660 1175 5296.
1677 1159 1723 1166 —
1748 1142 1781 1184 2)
1807 1141 1914 1175 Intel-

200 1196 387 1238 legendum
412 1207 503 1229 esse:
534 1197 590 1245 τῷ
613 1195 715 1242 γένει
741 1193 975 1243 Καισαρεύς,
999 1198 1139 1230 monuit
1164 1197 1325 1231 Huelsen.
1351 1216 1395 1222 —
1421 1199 1455 1240 3)
1480 1198 1522 1231 A.
1548 1197 1626 1231 275.
1677 1197 1836 1232 Ceterum
1860 1200 1914 1232 in-

198 1254 429 1295 scriptionem
454 1253 580 1286 lateris
603 1254 700 1286 solus
724 1254 829 1286 habet
852 1253 1008 1287 Smetius
1032 1256 1071 1287 in
1096 1254 1263 1287 editione.

313 1343 427 1390 5298
470 1346 506 1386 d.
533 1359 585 1386 m.
613 1345 619 1398 Ι
646 1347 805 1387 Aurelio
837 1345 1055 1402 Heracllide
1086 1347 1265 1399 agitatori
1291 1345 1297 1401 Ι
1326 1348 1510 1387 factionis
1539 1345 1715 1402 veneltae
1746 1354 1786 1388 et
1817 1348 1912 1389 doc-

198 1414 274 1453 tori
316 1413 321 1467 Ι
365 1414 545 1454 factionis
575 1427 606 1454 s.
638 1415 684 1454 s.¹
726 1412 731 1469 Ι
773 1421 811 1455 et
840 1416 1035 1468 prasinae,
1077 1415 1202 1464 'fecit
1240 1414 1247 1470 Ι
1289 1415 1339 1455 Μ.
1371 1415 1508 1468 Ulpius
1543 1413 1549 1469 Ι
1590 1413 1914 1471 Apolaustialnus

199 1480 357 1534 tatuljae
389 1481 427 1521 b.
459 1494 509 1521 m.

314 1548 444 1581 Romae
470 1548 542 1592 (VI
561 1549 668 1583 40057
693 1550 740 1582 ad
764 1550 925 1593 exempla
951 1550 1135 1593 complura
1160 1549 1260 1590 facta
1284 1561 1375 1584 saec.
1400 1550 1476 1584 XV.
1500 1549 1631 1592 XVII).
1655 1569 1701 1575 —
1735 1552 1768 1591 1)
1792 1550 1914 1595 Supra

198 1606 364 1648 scriptae.

315 1696 427 1743 5299
487 1699 523 1738 d·
554 1710 606 1738 m·
634 1696 640 1752 Ι
668 1710 804 1751 (imago
834 1711 988 1752 aurigae
1011 1710 1159 1752 stantis,
1189 1721 1217 1743 s.
1241 1709 1396 1752 palmam
1423 1711 1601 1752 gerentis)
1628 1699 1634 1752 Ι
1662 1699 1871 1754 Eutycheti
1907 1699 1914 1758 Ι

200 1765 324 1819 aurig.
356 1779 447 1809 ann.
471 1765 598 1815 XXII,
626 1766 632 1820 Ι
660 1766 717 1806 Fl.
739 1767 908 1807 Rufinus
939 1774 978 1807 et
1003 1766 1010 1815 Ι
1039 1767 1170 1819 Semp.
1191 1767 1368 1807 Diofanis
1400 1780 1512 1808 servo
1544 1767 1583 1807 b.
1607 1780 1659 1808 m.
1680 1769 1707 1808 f.

511 1835 597 1874 Hoc
627 1835 736 1875 rudis
767 1836 926 1887 aurigae
958 1836 1214 1887 requiescunt
1244 1848 1332 1876 ossa
1363 1836 1588 1888 sepulchro,
1615 1835 1621 1890 Ι

589 1916 663 1943 nec
693 1909 824 1943 tamen
858 1903 986 1956 ignari
1017 1903 1178 1944 flectere
1208 1904 1289 1944 lora
1321 1916 1453 1952 manu,
1482 1902 1487 1958 Ι

512 1971 586 2011 iam
620 1971 687 2023 qui
720 1971 974 2024 quadriiugos
1004 1972 1189 2012 auderem
1221 1972 1412 2012 scandere
1443 1985 1597 2022 currus,
1626 1971 1631 2027 Ι

587 2045 627 2079 et
655 2046 789 2079 tamen
821 2052 842 2079 a
873 2039 1017 2092 biiugis
1053 2053 1135 2080 non
1167 2052 1394 2080 removerer
1422 2041 1547 2093 equis.
1575 2039 1580 2095 Ι

514 2108 693 2149 Invidere
723 2108 820 2148 meis
850 2108 966 2148 annis
997 2108 1170 2149 crudelia
1202 2109 1291 2158 fata,
1319 2108 1324 2163 Ι

589 2177 667 2216 fata
698 2175 843 2228 quibus
874 2188 1050 2228 nequeas
1081 2177 1313 2230 opposuisse
1344 2189 1496 2225 manus,
1524 2174 1529 2230 Ι

510 2257 585 2285 nec
615 2244 710 2284 mihi
740 2256 929 2285 concessa
961 2252 1021 2284 est
1051 2245 1246 2285 morituro
1277 2245 1401 2297 gloria
1432 2245 1540 2292 circi,
1568 2242 1573 2299 Ι

590 2313 758 2352 donaret
787 2312 969 2353 lacrimas
1006 2325 1057 2352 ne
1089 2313 1153 2365 pia
1183 2313 1300 2353 turha
1330 2314 1444 2353 mihi:
1475 2311 1482 2367 Ι

515 2393 649 2422 ussere
681 2380 864 2420 ardentes
895 2380 1003 2420 intus
1033 2393 1121 2421 mea
1151 2381 1300 2422 viscera
1331 2380 1474 2430 morbi,
1501 2381 1507 2434 Ι

586 2449 746 2488 vincere
779 2461 879 2500 quos
909 2449 1085 2489 medicae
1118 2462 1200 2490 non
1233 2456 1400 2502 potuere
1430 2461 1582 2489 manus.
1610 2446 1616 2504 Ι

514 2517 677 2570 Sparge,
708 2528 864 2570 precor,
895 2517 1014 2557 flores
1045 2530 1165 2570 supra
1195 2530 1281 2558 mea
1311 2517 1426 2559 busta
1453 2517 1596 2567 viator3
1623 2515 1629 2571 Ι

590 2585 718 2625 fovisti
749 2585 834 2625 vivo
865 2586 1042 2625 forsitam
1073 2586 1158 2639 ipse
1188 2586 1297 2626 mihi.

322 2650 527 2684 Tarracone
551 2651 607 2695 (ΙΙ
626 2651 712 2686 4544
737 2652 829 2685 vidit
852 2652 1047 2696 Huebner).
1098 2653 1291 2687 Buecheler
1315 2662 1425 2687 carm.
1449 2662 1501 2695 ep.
1526 2651 1624 2685 4279.

320 2730 432 2776 531)ss
472 2743 577 2786 (puer
600 2744 640 2775 in
664 2744 768 2786 bigis,
794 2744 944 2777 sinistra
967 2754 1079 2776 manu
1099 2743 1258 2787 palmam
1284 2747 1415 2784 tenens,
1437 2739 1695 2786 praecurrente
1719 2742 1852 2784 equite)

514 2801 657 2842 Florus
687 2813 760 2854 ego
791 2801 855 2842 hic
885 2801 995 2841 iaceo
1022 2800 1028 2856 Ι
1054 2801 1229 2854 bigarius
1259 2801 1412 2842 infans¹

517 2869 597 2921 qui,
629 2869 705 2909 cito
733 2867 739 2922 Ι
766 2869 860 2909 dum
883 2869 1002 2922 cupio
1024 2881 1180 2917 currus,
1211 2869 1289 2909 cito
1310 2867 1435 2908 decidi
1457 2867 1503 2907 ad
1525 2863 1671 2907 umbr.²
1708 2864 1713 2922 Ι

208 2933 415 2977 Ianuarius
446 2936 606 2977 alumno
637 2937 878 2978 dulcissimo.

319 3001 452 3036 Romae
476 3002 550 3048 (VI
567 3003 674 3038 40078
698 3005 842 3047 saepius
866 3004 1050 3047 descripta
1075 3013 1167 3038 saec.
1190 3002 1268 3037 XV.
1291 3001 1402 3044 XVI).
1450 3001 1644 3035 Buecheler
1668 3012 1778 3036 carm.
1798 3003 1914 3045 epigr.

206 3057 337 3092 n.399.
361 3077 405 3083 —
440 3059 473 3101 1)
498 3059 710 3094 Heaeameter
733 3060 881 3094 mutilus
906 3059 1017 3104 (lapis
1041 3062 1183 3103 integer
1203 3058 1345 3092 videtur
1366 3057 1506 3100 fuisse).
1531 3078 1576 3083 —
1602 3060 1635 3101 2)
1662 3058 1822 3095 Umbras.
