2092 3360
299 156 415 194 Tituli
438 156 688 203 municipales.
713 177 755 182 —
782 156 929 193 Cumae.
953 156 1126 192 Acerrae.
1151 153 1336 190 Suessula.
1359 152 1499 190 Abella.
1522 151 1629 189 Nola.
1732 154 1815 193 585

219 271 336 306 Nolae
359 271 416 315 (X
436 272 527 308 4278
552 272 643 306 vidit
664 269 887 315 Mommsen).
922 289 968 296 —
1006 271 1038 312 1)
1064 269 1213 304 Colonia
1238 271 1283 303 ab
1306 269 1473 311 Augusto
1497 265 1627 301 Nolam
1655 268 1819 312 deducta,

105 331 241 363 veteres
256 328 419 363 Nolanos
442 330 483 362 in
507 330 653 362 civitate
675 329 900 369 remansisse,
930 328 994 362 sed
1008 328 1086 362 loco
1110 326 1288 368 inferiore
1311 328 1346 359 et
1368 328 1448 358 iure
1465 324 1642 360 honorum
1658 330 1821 361 carentes

105 397 152 420 ea.-
175 387 243 420 ltoc
266 386 373 420 titulo
405 385 551 429 collegit
573 385 813 419 Mommsenus
839 385 973 420 C.1.1..
996 384 1030 419 X
1048 396 1085 429 p.
1109 385 1185 419 442.
1221 402 1267 409 -
1302 384 1337 426 2)
1367 381 1547 416 Numerus
1576 392 1650 416 non
1674 384 1819 418 omnino

106 446 235 477 certus.

218 535 332 582 6845
391 533 474 592 [N.]
506 535 666 577 Cluvius
695 535 760 575 Μ’.
791 536 834 575 f.¹
863 533 869 590 Ι
906 525 1041 576 ῑιῖινῑν
1066 535 1073 589 ι
1100 531 1278 592 [claudi‚
1306 523 1438 589 ffvirfl
1477 535 1612 585 Nolae,
1639 524 1775 576 Πῑινῑι·
1809 533 1816 592 Ι

106 605 394 658 quinquennal.
421 602 428 659 Ι
456 599 693 660 [Capu]a[e]‚
728 603 777 643 de
806 616 880 644 suo
911 604 1083 645 faciund.
1110 603 1118 659 Ι
1145 604 1332 653 coeravit,
1363 603 1466 644 idem
1497 604 1680 654 restituit,
1707 601 1714 659 Ι
1741 604 1819 645 lovi

105 687 142 714 0.
174 686 227 714 m.
257 685 358 714 Sacr-

221 739 380 774 Puteolis
411 739 449 783 (1
469 739 572 774 4256.
606 738 642 772 Χ
661 738 749 772 4572
782 741 838 772 ter
862 739 1042 782 descripta
1070 749 1163 772 saec.
1186 738 1301 780 XVI).
1335 756 1382 763 —
1419 740 1452 781 1)
1480 738 1653 773 Eiusdem
1675 741 1750 773 viri
1771 744 1823 774 est

106 798 236 831 titulus
258 799 342 830 item
366 796 525 830 Puteolis
554 806 631 839 rep.
655 795 691 829 X
710 795 800 830 4575
825 793 890 839 (cf.
910 806 948 839 p.
969 795 1063 839 974),
1092 795 1189 828 unde
1219 798 1253 828 et
1277 805 1498 840 praenomen
1521 798 1598 829 eius
1621 799 1656 829 et
1679 795 1823 841 Capuae

105 854 318 888 vocabulum
341 853 555 897 suppletum.

219 933 334 980 6346
372 935 418 975 Τ.
441 935 584 975 Vedius
614 934 659 974 T.
689 935 731 983 f„
766 931 772 987 Ι
805 933 850 974 Τ.
874 933 1047 974 Vitorius
1077 934 1150 975 Cn.
1180 935 1207 973 f.
1235 931 1242 989 Ι
1275 933 1383 974 llviri
1417 932 1423 989 Ι
1449 934 1714 988 libripendes¹
1741 933 1747 990 Ι
1773 949 1821 976 ex

107 1005 146 1044 d.
166 1004 205 1045 d.
226 1016 266 1057 p.
286 1016 326 1056 p.

221 1069 339 1104 Nolae
363 1069 415 1114 (X
426 1070 514 1103 4277
529 1069 579 1102 ad
594 1069 795 1113 exemplum
813 1068 1028 1112 sirmondi).
1050 1087 1097 1093 —
1123 1069 1156 1111 1)
1179 1068 1339 1102 Duoviri
1354 1069 1569 1112 libripendes
1591 1072 1678 1103 sunt
1693 1072 1823 1113 opinor

107 1128 180 1171 ipsi
203 1125 336 1160 aediles
360 1125 536 1171 (Momms.
562 1125 694 1160 C.1.1..
718 1125 754 1159 Χ
768 1136 807 1168 p.
824 1125 889 1160 442
890 1127 926 1168 ).

220 1205 335 1253 6347
391 1208 570 1260 Augusto
597 1205 604 1262 Ι
630 1220 800 1256 sacrum,
828 1205 835 1262 Ι
860 1207 1122 1248 restituerunt
1148 1206 1153 1262 Ι
1180 1207 1462 1248 Laurinienses
1487 1206 1494 1262 Ι
1520 1209 1690 1260 pecunia
1710 1222 1792 1259 sua,

107 1277 282 1318 cultores
307 1275 313 1329 Ι
340 1276 379 1316 d.
400 1276 439 1316 d.
470 1284 530 1330 (In
554 1286 666 1319 latere
698 1287 926 1320 victimarius
958 1296 1038 1319 eum
1068 1296 1196 1328 vacca,
1226 1287 1267 1318 in
1290 1286 1406 1320 altero
1431 1286 1545 1319 latere
1567 1290 1602 1320 et
1623 1288 1663 1320 in
1682 1288 1823 1330 postica

108 1345 350 1377 instrumenta
373 1343 578 1385 sacrificii.)

220 1399 337 1434 Nolae
362 1400 458 1443 olim,
481 1402 535 1433 est
555 1399 712 1443 Neapoli
735 1399 787 1440 (X
806 1399 898 1434 4238
921 1400 1014 1433 vidit
1035 1399 1259 1444 Mommsen).

221 1480 338 1528 6348
388 1491 490 1536 (ante
510 1492 616 1536 pedes
638 1493 796 1537 statuae)
829 1482 1103 1523 clementiani.
1130 1480 1136 1536 Ι
1171 1491 1230 1533 (In
1253 1491 1377 1531 fronte
1402 1492 1514 1537 basis)
1545 1483 1670 1523 Pollio
1692 1483 1791 1525 Iulio
1812 1482 1820 1540 Ι

109 1550 384 1592 Clementiano
421 1563 457 1590 v.
487 1563 541 1603 p.,
582 1549 590 1603 Ι
628 1556 799 1604 patrono
829 1550 1052 1591 inimitabili
1086 1551 1093 1604 Ι
1128 1550 1368 1603 largissimo,
1408 1551 1521 1592 euius
1550 1552 1651 1592 facta
1686 1551 1694 1607 Ι
1727 1566 1823 1593 ena-

109 1620 189 1660 rari
216 1623 302 1669 (sie)
335 1632 417 1660 non
447 1625 637 1672 possunt:
664 1617 671 1675 Ι
705 1619 790 1660 eius
820 1620 971 1660 meritis
1000 1619 1109 1672 regio
1140 1619 1245 1659 lovia
1270 1617 1278 1675 Ι
1303 1625 1472 1660 statuam
1503 1621 1672 1663 censuit.

221 1698 336 1745 6349
394 1711 496 1751 (ante
513 1710 623 1754 pedes
644 1710 805 1754 statuae)
835 1700 962 1740 Pollio
994 1699 1093 1740 lulio
1125 1699 1396 1740 Clementiano
1437 1698 1445 1753 Ι
1485 1710 1542 1754 (in
1565 1709 1688 1750 fronte
1711 1712 1822 1757 basis)

107 1768 338 1809 subventori
367 1768 510 1809 civium
536 1767 544 1823 Ι
571 1769 818 1809 necessitatis
837 1768 1015 1809 aurariae
1025 1769 1050 1817 ¹,
1078 1766 1084 1822 Ι
1111 1768 1311 1809 defensori
1332 1768 1538 1818 libertatis,
1565 1770 1573 1820 Ι
1598 1770 1825 1811 redonatori

109 1836 191 1876 viae
220 1836 379 1889 populi,
421 1834 428 1891 Ι
469 1837 648 1876 omnium
681 1849 893 1876 munerum
924 1836 1158 1890 recreatori,
1197 1837 1204 1887 Ι
1246 1837 1428 1877 universa
1468 1837 1578 1890 regio
1609 1838 1786 1879 Romana
1815 1836 1822 1894 Ι

107 1911 279 1959 patrono
310 1904 647 1957 praestantissimo
674 1903 680 1958 Ι
707 1910 875 1945 statuam
907 1904 1124 1945 collocavit.
1152 1904 1159 1958 Ι
1186 1904 1358 1945 Curante
1390 1904 1445 1945 Cl.
1465 1905 1682 1946 Plotiano².

222 1969 340 2004 Nolae
370 1968 423 2011 (X
442 1970 544 2006 4255.
569 1970 658 2004 4256
687 1970 779 2003 vidit
801 1970 1025 2015 Mommsen).
1076 1970 1198 2004 Tertia
1229 1971 1360 2004 similis
1391 1973 1583 2015 inscriptio
1612 1971 1689 2013 suit
1710 1972 1824 2007 Nolae

108 2028 143 2062 Χ
162 2027 263 2070 4257,
295 2029 399 2060 cuius
417 2037 509 2070 pars
532 2029 672 2060 tantum
697 2027 771 2070 legi
788 2029 922 2070 potuit.
953 2046 998 2052 —
1037 2029 1069 2070 1)
1098 2027 1326 2070 Intellegitur
1349 2029 1636 2073 chrysargyrum
1668 2028 1826 2074 (functio

109 2086 281 2126 auraria,
312 2084 392 2118 cod.
419 2082 548 2117 leeod.
571 2083 630 2127 43,
654 2083 685 2125 4,
708 2082 782 2127 43).
833 2082 887 2123 Cl'.
911 2083 1132 2128 Marquardt
1156 2083 1386 2119 Staatsverw.
1412 2085 1450 2118 11
1477 2085 1532 2120 ed.
1554 2087 1578 2120 2
1605 2097 1642 2130 p.
1666 2086 1748 2121 237.
1780 2105 1826 2112 —·

111 2142 147 2182 2)
172 2141 275 2174 Hunc
298 2151 439 2174 versum
464 2141 570 2173 habet
591 2140 689 2173 solus
713 2140 938 2175 sirmondus.

225 2220 362 2266 5350*
411 2254 573 2263 ......
575 2222 586 2242 ¹
613 2221 620 2270 Ι
646 2233 772 2274 pagus
798 2219 804 2277 Ι
830 2222 1054 2274 Agrifanus.

224 2299 365 2346 6350¹²
414 2333 576 2343 ......
577 2301 592 2322 ²
617 2300 624 2355 Ι
651 2314 776 2354 pagus
802 2299 808 2355 Ι
835 2301 1132 2354 Capriculanus.

225 2379 362 2426 6350ο
417 2413 579 2423 ......
582 2382 593 2402 ¹
620 2379 627 2435 Ι
655 2394 779 2434 pagus
806 2380 812 2436 Ι
839 2381 992 2422 Lanita.

226 2457 368 2506 635οᾶ
416 2493 579 2502 ......
581 2461 593 2482 ¹
620 2459 628 2512 Ι
653 2472 778 2513 pagus
803 2458 810 2514 Ι
836 2460 1062 2514 Myttianus.

226 2526 342 2561 Nolae
378 2526 429 2571 (X
450 2526 687 2561 4278-4280
716 2529 872 2570 primam
895 2530 931 2560 et
954 2529 1097 2561 tertiam
1128 2528 1220 2561 vidit
1242 2528 1435 2562 Mommsen
1442 2537 1458 2571 ,⁵
1493 2532 1659 2571 quartam
1684 2529 1828 2564 addidit

115 2584 267 2618 Patroni
289 2583 434 2618 Notizie
458 2583 557 2626 degli
578 2585 680 2616 soavi
702 2583 788 2617 4900
806 2594 845 2626 p.
861 2583 953 2628 404).
976 2602 1023 2609 -
1057 2586 1088 2627 1)
1112 2584 1304 2628 Scriptura
1329 2596 1445 2618 erasa.
1468 2604 1514 2609 —
1539 2586 1573 2626 2)
1597 2585 1664 2618 Hic
1687 2596 1827 2629 quoque

113 2641 297 2683 scriptura
321 2651 426 2674 erasa
446 2638 534 2683 fuit,
558 2650 774 2683 quamquam
798 2641 839 2674 id
860 2651 934 2673 non
959 2641 1132 2675 traditur.

229 2735 341 2782 6351
382 2737 566 2780 L.Sattio
598 2737 641 2779 L.
672 2737 697 2778 1.
728 2735 919 2776 Phileroti
950 2736 1138 2788 magistro
1172 2735 1179 2791 Ι
1215 2735 1440 2777 Mercuriali
1470 2744 1509 2776 et
1539 2736 1789 2788 Augustalei¹
1816 2735 1824 2791 Ι

115 2805 255 2854 Nolae,
296 2811 336 2846 et
366 2805 529 2846 Daeriae
559 2803 602 2847 3.
634 2805 660 2845 1.
691 2804 816 2844 Busae
848 2804 962 2844 uxori
1003 2803 1009 2857 Ι
1050 2811 1090 2844 et
1119 2804 1164 2844 L.
1195 2804 1318 2844 Sattio
1348 2803 1395 2844 L.
1424 2803 1450 2843 1.
1482 2803 1691 2857 Ampliato‚
1732 2802 1738 2859 Ι
1778 2817 1826 2845 ex

117 2879 352 2914 testamento
384 2873 429 2914 L.
452 2873 548 2914 Satti
581 2873 623 2913 L.
654 2873 680 2913 1.
716 2872 937 2913 Philerotis.

231 2939 347 2974 Nolae
371 2939 422 2984 (X
442 2940 531 2974 4272
556 2939 648 2973 vidit
671 2938 894 2983 Mommsen).
917 2957 964 2963 —
990 2940 1022 2981 1)
1050 2938 1192 2973 Titulus
1214 2938 1357 2972 videtur
1378 2939 1534 2982 scriptus
1558 2939 1637 2972 vivo
1661 2939 1826 2982 Aug-usto

119 2996 376 3087 (aemygdi-los
400 3052 562 3087 Nolanos
585 3054 691 3086 habes
714 3054 823 3086 etiam
846 3051 893 3087 N.
914 3051 1021 3086 5392.
1043 3051 1160 3087 6047“.
1183 3052 1282 3087 6424.
