2092 3360
363 170 480 208 Tituli
505 169 601 207 sacri
624 172 662 206 et
684 169 929 207 sacerdotum.
945 188 991 195 -
1016 167 1177 205 Numina.
1193 167 1338 205 Galliae
1353 170 1391 205 et
1407 167 1636 205 Germaniae.
1779 167 1863 206 233

202 267 204 269 ’
261 285 430 321 coloniae
452 285 681 329 Agrippinae
711 283 806 327 (mm
829 294 918 318 mm.
942 282 1050 317 mum.
1074 285 1130 326 45,
1152 283 1240 317 4890
1259 294 1298 326 p.
1314 283 1413 326 ⁶59).
1445 301 1491 307 —
1530 283 1563 325 1)
1586 282 1698 316 luicio
1722 283 1865 316 videtur

140 344 294 388 periisse
317 353 391 377 non
415 341 571 385 amplius
594 351 668 375 una
692 340 824 374 littera.

153 401 228 408 μὴ.
240 403 353 406 --—-—
463 400 1018 405 -—-.--——-—---—

258 421 374 469 4792
426 422 617 464 Mau-ibus
650 420 657 477 Ι
691 421 874 462 Treveris
901 419 907 477 Ι
942 421 986 461 Τ.
1011 400 1509 474 Paterniue-s‘fieipetuus
1544 419 1550 474 Ι
1584 419 1824 461 cornicular.
1854 416 1860 475 Ι

146 492 223 544 leg.
255 492 331 544 leg.
358 490 364 547 Ι
390 491 497 532 XXX
529 490 575 531 U.
605 503 641 530 v,
672 490 698 530 l.
730 502 781 529 m.

255 560 368 602 Prope
383 558 531 592 Gliciam
544 569 632 602 rep„
644 567 743 591 nunc
756 556 904 590 Bonnae
918 556 1135 601 (Brambaclz
1142 557 1206 590 449
1212 568 1225 598 ,·
1239 556 1386 589 Heliner
1401 555 1513 589 Catal.
1523 566 1612 590 mus.
1622 555 1736 589 Bonn.
1746 556 1864 598 π.ὄ2).

181 619 206 621 ⁷*
259 619 373 685 4799
413 638 604 680 Matribus
630 638 636 694 Ι
663 639 818 680 Noricis
844 637 849 693 Ι
878 639 1042 678 Auneus
1063 638 1255 678 Maximus
1281 636 1288 691 Ι
1316 637 1394 676 mil.
1413 637 1488 688 leg.
1507 636 1522 676 1
1544 636 1594 676 Μ.
1623 616 1640 690 Ι
1643 616 1688 676 jv.
1711 650 1742 677 s.
1764 637 1788 676 1.
1801 615 1860 680 in.

261 708 377 751 Prope
401 706 575 747 Vechten,
601 708 625 740 i.
644 717 672 739 e.
697 707 750 739 ibi
771 707 835 739 ubi
859 705 904 740 N.
920 705 1005 739 4757
1029 704 1244 750 (Leemanns
1267 704 1366 738 arch.
1382 703 1541 746 Zeitung
1557 702 1653 745 4869,
1677 704 1750 748 89).

262 763 447 797 Matr-onas
464 763 621 797 Senones
638 764 677 795 in
694 762 841 796 titulum
862 761 967 796 Orell.
984 762 1048 795 478
1065 760 1127 805 (--
1143 760 1233 795 XIII
1245 759 1346 806 6473)
1363 760 1531 794 nonnulli
1547 761 1767 804 intulerunt,
1791 771 1865 794 non

148 823 244 853 recte
267 824 309 853 ut
331 821 484 854 videtur.

259 887 374 934 4794
428 902 501 943 pro
533 889 659 930 salute
689 885 870 945 dom[ini]
907 886 912 943 Ι
949 901 988 928 n.
1018 887 1114 940 imp.
1145 887 1190 927 L.
1222 887 1330 939 Sept.
1362 887 1494 928 Severi
1530 885 1537 942 Ι
1571 888 1669 939 Aug.
1701 887 1865 939 totiusq.

146 960 288 1000 domus
314 957 320 1013 Ι
347 959 444 1007 eius,
486 958 649 999 Ausanis
678 957 884 1013 Maltronis
914 962 954 997 et
982 955 1174 997 Matribus
1207 953 1214 1010 Ι
1250 955 1550 996 Pannoniorum
1582 961 1621 995 et
1660 953 1667 1009 Ι
1708 955 1864 995 Delma-

145 1034 275 1069 tarum
302 1025 308 1083 Ι
335 1027 394 1067 Ti.
427 1026 481 1067 Cl.
514 1026 805 1079 Pompeianus’
837 1024 845 1079 Ι
879 1024 971 1065 trib.
1003 1023 1084 1064 mil.
1115 1023 1190 1076 leg.
1222 1023 1237 1063 Ι
1269 1024 1363 1065 Min.
1392 1022 1398 1077 Ι
1433 1024 1522 1064 loco
1554 1023 1710 1064 exculto
1742 1016 1864 1068 euml

147 1094 434 1137 discubitione³
463 1100 503 1135 et
531 1094 688 1134 tabula⁴
713 1092 720 1147 Ι
746 1106 781 1133 ν.
803 1106 834 1134 s.

260 1162 434 1205 Lugduni
459 1160 566 1205 (XIII
584 1161 666 1195 4766
689 1160 782 1194 vidit
804 1157 1039 1203 Hirschfeld).
1063 1178 1107 1184 —
1135 1160 1167 1202 1)
1191 1159 1378 1193 Matrona-³
1401 1161 1476 1192 sive
1501 1159 1636 1192 Matres
1660 1159 1866 1192 Pannonio-

146 1229 229 1253 rum
246 1222 281 1252 et
296 1219 550 1252 Dalmatarum
564 1217 746 1257 Ausonias
769 1217 886 1250 dictas
909 1227 982 1249 esse
1001 1219 1092 1260 puto
1118 1215 1256 1260 (polius
1280 1226 1388 1259 quam
1406 1215 1593 1249 Mau-onas
1604 1214 1789 1256 Aufanias
1812 1215 1866 1248 di-

147 1286 269 1310 versas
293 1287 315 1309 a
338 1275 516 1309 Matribus
531 1273 829 1317 Pannoniorum).
847 1292 892 1297 —
916 1274 950 1316 2)
978 1274 1051 1307 Vix
1067 1274 1127 1306 hic
1144 1273 1316 1307 Claudius
1332 1274 1570 1316 Pompeianus
1593 1283 1703 1315 nepos
1726 1272 1774 1306 M.
1791 1273 1865 1306 Au-

147 1333 232 1367 relii
255 1344 302 1367 ex
325 1332 479 1374 Lucilla,
503 1329 718 1376 interfectus
741 1342 764 1364 a
790 1330 979 1364 Caracalla
998 1330 1076 1371 (vit.
1097 1327 1222 1365 Carae.
1237 1331 1274 1373 5,
1289 1331 1342 1371 8).
1365 1348 1407 1354 -—
1433 1330 1468 1371 3)
1491 1328 1628 1363 Sedilia
1647 1328 1695 1362 ad
1710 1329 1865 1362 advena-

149 1401 231 1425 rum
256 1390 541 1424 commoditatem
563 1392 695 1432 parata
720 1391 818 1421 recte
839 1387 1019 1430 intellegit
1041 1386 1129 1420 Ihm.
1154 1405 1200 1411 --
1224 1389 1259 1427 4)
1287 1385 1424 1420 Tabula
1448 1385 1602 1426 fortasse
1625 1385 1864 1429 intellegenda

145 1449 258 1491 picta.
295 1446 349 1486 ol:
373 1446 432 1479 ΙΙΙ
453 1446 489 1480 S.
504 1446 600 1480 7960.

261 1526 373 1573 4795
413 1528 606 1568 Matronis
633 1525 639 1582 Ι
666 1526 850 1567 Ausanib.
873 1526 914 1567 C.
942 1524 949 1580 Ι
975 1526 1048 1566 Iul.
1070 1523 1313 1581 Mansueltus
1342 1536 1395 1564 m.
1426 1525 1451 1564 l.
1474 1523 1490 1563 1
1520 1523 1572 1563 M.
1600 1522 1605 1578 Ι
1634 1536 1673 1576 p.
1703 1524 1744 1563 Γ]
1776 1536 1810 1563 v.
1832 1536 1864 1564 s.

148 1598 173 1640 l.
196 1610 262 1647 m.,
293 1593 414 1654 ful[i]t
442 1596 490 1636 ad
520 1596 680 1636 Alutum
708 1594 713 1650 Ι
740 1595 889 1635 flumen
920 1607 1036 1635 secus
1061 1593 1068 1647 Ι
1093 1598 1231 1633 monte
1262 1592 1456 1633 Caucasi.²

264 1664 432 1699 Coloniae
455 1663 682 1707 Agrippinae
708 1662 926 1706 (Brambach
948 1663 1014 1695 405
1037 1661 1131 1694 vidit
1155 1659 1202 1700 cs:
1228 1660 1306 1693 Ihm
1330 1669 1414 1692 ann.
1431 1657 1541 1692 Rhea.
1561 1659 1620 1701 85,
1643 1659 1730 1693 4887
1750 1670 1786 1702 p.
1803 1660 1866 1693 445

148 1733 184 1756 n.
200 1722 296 1764 277).
325 1739 370 1746 —
403 1722 436 1763 1)
460 1720 563 1753 Miles
587 1721 740 1763 legionis
763 1719 784 1752 I
803 1719 1005 1752 Minerviae
1026 1719 1109 1761 piae
1131 1717 1259 1758 fidelis.
1283 1735 1328 1741 —
1360 1717 1394 1758 2)
1418 1716 1551 1748 Alutus
1572 1716 1707 1756 flumen
1730 1717 1868 1750 Daciae

149 1778 256 1824 (bello
280 1778 416 1811 Dacico
441 1777 668 1811 Mamaeum
693 1787 733 1810 eo
758 1777 895 1810 venisse
918 1775 1073 1810 coniecit
1096 1774 1173 1808 Ihm
1198 1774 1220 1808 l.
1238 1784 1266 1808 c.
1288 1784 1326 1816 p.
1341 1772 1429 1817 72)‚·
1465 1772 1616 1806 Caucasi
1639 1774 1771 1806 mentio
1796 1783 1868 1816 quo

144 1837 341 1880 pertineat,
366 1836 566 1868 obscurum.

262 1902 378 1950 4796
427 1904 539 1944 deab.
570 1904 712 1944 Ausan.
748 1902 754 1958 Ι
797 1909 837 1943 et
866 1901 1030 1942 Tutelae
1060 1900 1137 1940 loci
1171 1898 1178 1954 Ι
1218 1911 1292 1951 pro
1322 1898 1447 1939 salute
1478 1904 1518 1938 et
1547 1895 1866 1953 inlcol[u]mitate

149 1987 220 2015 sua
255 1972 261 2027 Ι
292 1985 497 2024 suorumq.
530 1970 722 2026 ominium
752 1971 796 2016 L.
819 1966 1018 2023 Maiorilus
1048 1967 1250 2020 Cogitatus
1279 1966 1318 2006 b.
1350 1967 1376 2006 f.
1405 1964 1411 2020 Ι
1445 1967 1541 2007 cos.¹
1571 1972 1649 2006 vot.
1680 1966 1752 2007 sol.
1783 1966 1808 2006 1.
1840 1966 1866 2008 Ι.

150 2055 204 2083 m.
231 2043 239 2093 Ι
265 2040 394 2081 idibus
424 2040 518 2081 lulis
544 2039 551 2093 Ι
578 2039 775 2080 Gentiano
807 2045 846 2078 et
871 2037 878 2092 Ι
905 2038 1026 2077 Basso
1058 2035 1157 2076 cos.²

267 2108 493 2151 Mogontiaci
515 2117 589 2149 rep.
615 2118 648 2139 a.
664 2105 752 2139 4893
778 2103 930 2148 (Ko'rber
953 2103 1089 2137 Inschr.
1107 2101 1140 2137 d.
1158 2101 1323 2134 Mainzer
1340 2099 1528 2142 Museums,
1546 2100 1642 2142 4900,
1658 2112 1694 2144 p.
1709 2102 1753 2134 42
1770 2111 1806 2134 n.
1817 2100 1868 2142 7).

149 2185 196 2191 -
223 2167 254 2208 1)
279 2164 542 2205 Beneficiarius
566 2161 779 2196 consularis.
802 2179 846 2185 —
871 2162 905 2202 2)
930 2160 975 2195 A.
990 2160 1068 2194 244.

264 2232 378 2279 4797
418 2233 609 2274 Man-ibus
639 2227 959 2286 Au{[f]aniabus¹
991 2229 1041 2269 M.
1070 2226 1076 2284 Ι
1102 2229 1174 2270 Iul.
1197 2228 1353 2268 Gratus.

267 2302 442 2336 Car-mone
459 2302 497 2333 in
514 2300 659 2333 Baetica
678 2297 733 2343 (11
747 2297 783 2332 S.
798 2297 889 2332 5445
913 2296 962 2330 ad
976 2298 1187 2330 accuratum
1212 2295 1412 2338 exemplum
1430 2293 1552 2338 Gagi).
1573 2312 1618 2318 —
1646 2296 1679 2336 1)
1707 2293 1867 2328 Titulum

154 2359 358 2392 dedicatum
382 2368 454 2390 esse
477 2358 520 2390 ab
546 2357 688 2389 homine
713 2355 868 2388 oriundo
893 2365 940 2387 ex
965 2352 1157 2387 Germania
1179 2351 1416 2395 probabiliter
1440 2353 1593 2384 coniecit
1615 2351 1791 2385 Huebner.

270 2414 444 2448 Macronis
459 2412 692 2453 Ausoniabus
712 2411 819 2445 multi
834 2411 900 2444 alii
916 2410 1052 2454 lapides
1070 2409 1226 2443 dedicati
1243 2410 1337 2450 sunt,
1355 2408 1521 2451 plerique
1539 2409 1578 2440 in
1601 2407 1795 2440 Germania
1811 2409 1868 2440 in-

152 2471 300 2513 feriore,
330 2471 393 2504 sed
414 2473 521 2504 etiam
545 2470 650 2511 alibi,
675 2467 722 2508 cf.
748 2469 825 2501 Ihm
849 2468 943 2501 Ann.
966 2466 1126 2501 Bhenan.
1149 2467 1198 2501 85
1219 2476 1253 2508 p.
1271 2466 1326 2499 29.

267 2551 383 2598 4798
423 2561 630 2607 (Matronae
654 2564 726 2595 tres
748 2560 919 2602 sedentes,
948 2559 1076 2593 dextra
1102 2561 1137 2592 et
1159 2559 1308 2591 sinislra
1339 2557 1459 2599 capita
1486 2556 1637 2589 cucullis
1666 2554 1723 2588 vel
1749 2556 1869 2587 mitris

153 2626 313 2667 indutae,
345 2626 507 2659 canistra
531 2621 702 2666 frugibus
731 2622 867 2666 repleta
891 2624 1062 2664 tenentos)
1096 2616 1287 2657 Matronis
1322 2614 1328 2670 Ι
1362 2614 1536 2656 Afliabus
1568 2611 1574 2668 Ι
1610 2613 1659 2653 Μ.
1692 2613 1866 2662 Marius}

155 2689 363 2730 Marcellus
390 2687 396 2743 Ι
422 2701 496 2742 pro
527 2701 569 2729 se
599 2693 639 2729 et
667 2687 748 2728 suis
776 2685 780 2740 Ι
808 2699 853 2727 ex
886 2684 1050 2739 imperio
1081 2684 1255 2738 ipsarum
1288 2688 1343 2732 (in
1368 2688 1541 2721 lateribus
1565 2685 1728 2727 camilli).

272 2756 441 2790 Coloniae
463 2755 690 2798 Agrippinae
715 2753 934 2799 (Brambach
956 2753 1048 2792 558,·
1084 2750 1158 2785 Ihm
1183 2762 1267 2784 ann.
1291 2750 1400 2784 Rhen.
1417 2751 1476 2792 85,
1500 2748 1585 2783 4887
1606 2758 1642 2791 p.
1660 2747 1720 2781 446
1744 2758 1779 2781 n.
1795 2747 1868 2781 282

156 2823 236 2846 cum
266 2814 426 2856 imagine
455 2813 503 2847 ib.
532 2813 603 2846 tab.
627 2812 672 2856 1).
729 2811 782 2844 De
811 2810 1030 2853 imaginibus
1061 2808 1309 2842 Mae-ananam
1343 2817 1446 2850 saepe
1477 2806 1589 2838 obviis
1618 2806 1658 2837 in
1689 2803 1870 2847 lapidibuae

156 2869 338 2903 Rhenanis
362 2868 427 2910 (cf.
452 2867 555 2908 infra
579 2869 624 2903 Ν.
640 2870 739 2903 4802.
763 2869 862 2902 4805.
888 2868 991 2908 4805)
1016 2866 1115 2899 dixit
1138 2865 1215 2899 Ihm
1241 2866 1262 2899 l.
1281 2875 1309 2898 c.
1332 2875 1370 2907 p.
1385 2864 1433 2898 58
1445 2873 1514 2905 seq.

269 2936 384 2983 4799
432 2938 623 2978 Matronis
648 2937 654 2992 Ι
681 2938 838 2978 Assims¹
867 2935 871 2992 Ι
899 2937 949 2977 Μ.
977 2935 983 2987 Ι
1010 2935 1214 2975 lullionius
1241 2933 1245 2989 Ι
1274 2933 1394 2986 Agilis
1421 2930 1426 2986 Ι
1453 2944 1487 2970 v.
1510 2944 1541 2971 s.
1564 2931 1589 2970 Ι.
1611 2943 1663 2972 m.

275 3005 474 3048 Wesseling
497 3006 546 3039 ad
569 3004 727 3039 Rhenum
751 3015 843 3047 rep.‚
874 3006 947 3036 iam
972 3002 1120 3035 Bonnae
1144 3002 1290 3041 (Aus’m
1310 2999 1454 3035 Weertlz
1478 3008 1562 3032 ann.
1579 2996 1687 3030 men,
1703 2998 1756 3039 74,
1779 2997 1869 3030 4882

156 3071 195 3104 p.
213 3061 296 3102 499,·
320 3061 396 3094 Ihm
421 3062 467 3094 ib.
491 3063 550 3103 85,
573 3061 659 3095 4887
681 3072 716 3103 p.
732 3061 793 3094 444
818 3071 852 3094 n.
869 3059 967 3103 272).
993 3078 1037 3083 --
1064 3060 1096 3100 1)
1123 3057 1177 3098 Cf.
1202 3057 1246 3091 Ν.
1261 3058 1347 3091 4807
1371 3059 1445 3088 nol.
1463 3055 1493 3088 4.
