2092 3360
232 176 313 214 246
983 174 1104 220 Caput
1125 176 1188 211 XI.

344 288 457 336 4905
517 290 553 328 d.
584 287 631 328 s.¹
659 287 665 340 Ι
701 287 895 327 Saturno²
927 286 932 342 Ι
969 302 1016 329 ex
1046 297 1121 331 vot.
1149 290 1155 345 Ι
1184 291 1237 331 Cl.
1269 292 1495 334 Victorinus
1529 292 1534 349 Ι
1567 294 1655 348 sig.⁸
1686 308 1776 336 cum
1805 295 1898 339 base
1931 299 1939 350 1

233 374 305 413 pro
338 359 406 399 sal.
438 369 507 397 sua
534 354 539 410 Ι
567 355 614 395 s‚⁴
645 367 751 395 omn.
782 356 807 395 l.
839 356 864 395 l.
895 369 947 397 m.

345 437 458 479 Prope
486 433 693 467 Tridentum
716 444 791 476 rep.
816 433 874 479 (V
880 435 969 469 5024
995 437 1088 469 vidit
1110 437 1331 482 Mommsen).
1354 458 1400 465 —
1427 441 1458 482 1)
1483 440 1558 474 Deo
1583 446 1718 477 sancio.
1736 461 1782 467 —
1807 445 1841 484 2)
1866 443 1943 478 001-

233 496 305 529 lato
330 493 435 527 tilulo
461 502 500 524 eo
526 491 590 533 qui
609 491 799 533 praecedit
821 496 973 535 apparet
995 493 1149 526 Saturni
1171 496 1314 528 nomine
1338 496 1397 529 hic
1428 499 1461 529 el
1491 498 1530 529 in
1555 497 1638 530 aliis
1662 500 1777 532 titulis
1800 500 1944 543 Alpinis

232 555 267 584 et
290 549 498 592 Subalpinis
523 548 649 590 (supra
673 546 719 581 N.
734 548 833 582 3528
856 559 935 582 cum
959 553 1031 584 nol.
1057 549 1091 584 V
1103 551 1202 585 5916.
1218 552 1308 586 5024
1320 555 1402 595 cet.)
1428 553 1589 596 intellegi
1610 564 1742 589 numen
1765 556 1944 599 quoddam

234 607 465 651 epichor-ium.
512 604 567 636 De
594 606 757 637 sacrario
788 606 896 638 liuius
922 606 1089 647 Saturni,
1123 608 1219 650 quod
1246 606 1322 647 fuit
1349 611 1388 642 in
1419 609 1512 642 valle
1535 611 1692 645 Anauna
1721 623 1833 656 prope
1858 612 1944 655 oles,

233 665 281 697 ad
303 663 399 706 quod
418 664 676 705 pertinuerunt
700 661 800 694 tituli
826 663 865 696 V
871 662 1101 704 3067—5069,
1126 666 1201 707 egit
1225 664 1350 709 Campi
1373 667 1470 702 arch.
1494 678 1546 711 ep.
1563 667 1683 702 Miltlz.
1709 679 1775 702 aus
1793 669 1943 704 omer-r.

234 721 285 761 46,
309 720 398 754 4895
418 729 454 761 p.
471 718 524 752 74.
549 738 594 743 —
618 720 652 761 3)
678 718 841 761 Signum.
866 739 911 743 —
940 720 973 760 4)
1001 719 1237 763 Sum-umque.

844 848 1007 911 Leges
1037 831 1334 913 templorum.

349 936 462 982 4906
503 938 546 977 L.
565 939 712 979 Aienus
733 938 777 977 L.
800 939 839 987 f.‚
871 939 918 986 Q.
940 939 1148 990 Baebatius
1169 940 1257 981 Sex.
1279 941 1306 980 f.
1327 940 1463 981 aedem
1485 939 1718 981 dedicarunt
1743 940 1749 996 Ι
1778 943 1825 994 (2)
1847 942 1947 984 lovis

238 1008 392 1048 Liberi¹
424 1007 600 1046 Furfone
625 1019 658 1046 a.
681 1007 719 1047 d.
741 1006 794 1046 111
817 1007 903 1048 idus
925 1008 1159 1055 Quinctileis
1180 1008 1224 1049 L.
1249 1009 1391 1050 Pisone
1412 1009 1456 1048 A.
1480 1008 1647 1049 Gabinio
1670 1009 1779 1059 cos.²‚
1811 1023 1948 1059 mense

236 1074 452 1130 Flusare³l
489 1075 536 1126 (3)
570 1074 824 1115 comulateis⁴
859 1075 969 1116 olleis
1008 1076 1160 1128 legibus
1198 1077 1297 1117 illeis
1333 1075 1584 1129 regionibus,
1629 1078 1710 1117 utei
1750 1083 1948 1119 extremae

237 1145 366 1184 undae
397 1143 522 1195 quae⁵
558 1143 686 1195 lapide
713 1140 718 1196 Ι
747 1144 794 1194 (4)
826 1144 923 1184 facta
954 1144 1149 1197 hoiusque
1189 1146 1295 1186 aedis
1326 1157 1420 1197 ergo
1459 1145 1620 1196 uteique
1658 1146 1706 1185 ad
1737 1158 1822 1186 eam
1853 1146 1949 1187 aede

238 1213 440 1265 scalasque
470 1212 598 1264 lapide
621 1207 942 1267 st[r]uctuend0⁰
968 1210 973 1266 Ι
1001 1213 1048 1264 (5)
1080 1213 1289 1254 columnae
1318 1220 1424 1253 stant
1455 1214 1551 1254 citra
1581 1213 1704 1254 scalas
1735 1214 1782 1253 ad
1813 1214 1948 1254 aedem

236 1294 386 1330 versus,
416 1281 648 1333 stipitesque
678 1279 784 1320 aedis
814 1276 991 1336 hu[i]us⁷
1019 1279 1462 1337 tabulal-(6)mentaque.
1510 1281 1598 1321 Utei
1618 1287 1782 1333 tangere
1802 1281 1949 1322 sarcire

240 1356 376 1402 tegere
413 1348 604 1388 devehere
643 1347 816 1400 defigere
852 1349 1063 1389 mandare⁸
1098 1350 1205 1389 ferro
1238 1349 1338 1389 oeti⁹
1371 1348 1376 1404 Ι
1413 1350 1460 1401 (7)
1492 1361 1727 1402 promovere
1763 1349 1952 1389 referre¹⁰

240 1419 378 1470 fasque
408 1423 505 1457 esto.
566 1416 632 1456 Sei
662 1416 768 1468 quod
808 1417 855 1456 ad
887 1429 973 1457 eam
1005 1418 1139 1458 aedem
1179 1418 1329 1457 donum
1365 1418 1498 1458 datum
1528 1416 1755 1457 donatum¹¹
1793 1416 1950 1456 dedica-

241 1482 470 1540 tum}(8)que
495 1485 582 1533 erit,
612 1485 694 1524 utei
725 1485 841 1524 liceat
870 1485 948 1524 oeti
978 1498 1122 1525 venum
1154 1486 1303 1535 dare¹¹;
1334 1485 1425 1526 ubei
1454 1498 1600 1526 venum
1630 1486 1763 1525 datum
1794 1484 1882 1533 erit,
1912 1485 1950 1525 id

240 1555 452 1607 profanum
484 1559 581 1593 esto.
637 1551 818 1592 Venditio
846 1551 850 1606 Ι
879 1553 927 1603 (9)
959 1553 1100 1594 locatio
1131 1554 1265 1594 aedilis
1304 1560 1387 1594 esto
1427 1566 1545 1605 quem
1583 1565 1784 1605 quomque
1818 1552 1952 1593 veicus

244 1622 273 1661 F
278 1622 425 1661 ursens.
457 1620 607 1670 fecerit,
639 1621 746 1672 quod
776 1633 818 1660 se
848 1618 1066 1677 senti[a]t¹²
1096 1634 1179 1661 eam
1211 1634 1294 1661 rem
1324 1619 1329 1675 Ι
1357 1623 1424 1673 (10)
1455 1622 1541 1662 sine
1572 1622 1722 1662 scelere
1753 1622 1839 1662 sine
1869 1622 1952 1674 pia-

242 1690 381 1738 cu10¹³‚
418 1689 488 1729 alis
519 1701 570 1728 ne
600 1695 770 1741 potesto.
830 1689 939 1735 Quae
967 1690 1140 1742 pequnia
1178 1695 1336 1742 recepta
1367 1691 1458 1738 erit,
1500 1702 1543 1730 ea
1573 1690 1749 1742 pequnia
1779 1701 1912 1730 emere
1945 1686 1951 1744 Ι

243 1758 311 1808 (11)
343 1757 568 1798 conducere
599 1757 731 1796 locare
756 1757 862 1803 dare,
894 1769 973 1808 quo
1005 1757 1042 1797 id
1075 1758 1267 1810 templum
1298 1758 1439 1797 melius
1469 1757 1675 1797 honestius
1706 1756 1793 1805 seit,
1824 1757 1953 1798 liceto.

245 1826 354 1872 Quae
394 1825 569 1878 pequnia
605 1824 652 1864 ad
691 1837 757 1864 eas
799 1823 804 1878 Ι
845 1826 915 1877 (12)
945 1838 1009 1865 res
1049 1826 1136 1865 data
1176 1825 1267 1873 erit,
1313 1825 1481 1877 profana
1517 1831 1615 1877 esto,
1662 1825 1768 1878 quod
1803 1826 1840 1866 d.
1871 1825 1955 1865 m.¹⁴

245 1907 329 1934 non
361 1894 435 1933 erit
465 1894 623 1933 factum.
684 1893 797 1940 Quod
831 1898 1009 1945 emptum
1040 1893 1115 1933 erit
1144 1905 1235 1933 aere
1264 1899 1333 1933 aut
1360 1898 1525 1944 argento
1554 1891 1559 1946 Ι
1595 1893 1663 1945 (13)
1695 1906 1739 1933 ea
1769 1893 1954 1946 pequnia,

245 1975 345 2014 quae
385 1961 558 2015 pequnia
599 1961 646 2000 ad
684 1961 720 2000 id
759 1960 991 2012 templum¹⁶
1031 1961 1118 2002 data
1150 1962 1226 2001 erit
1264 1961 1369 2014 quod
1409 1966 1584 2013 emptum
1618 1961 1710 2010 erit,
1751 1961 1806 2002 eis
1835 1960 1956 2002 rebus
2025 1975 2028 1977 ’

246 2032 380 2072 eadem
421 2029 427 2084 Ι
470 2031 536 2082 (14)
568 2029 630 2068 lex
670 2034 767 2079 esto,
808 2029 942 2081 quasei
980 2029 1036 2070 sei
1076 2029 1298 2070 dedicatum
1338 2029 1400 2069 sit.
1461 2028 1526 2068 Sei
1565 2028 1633 2080 qui
1672 2029 1760 2069 heic
1799 2041 1955 2070 sacrum

245 2099 493 2151 surupuerit‚
534 2096 668 2137 aedilis
706 2097 884 2137 multatio
915 2103 1012 2147 esto,
1048 2095 1054 2152 Ι
1091 2098 1158 2150 (15)
1189 2098 1326 2150 quanti
1357 2096 1470 2136 volet.
1530 2096 1655 2149 quue
1686 2097 1817 2137 veicus
1846 2096 1955 2137 Furf.

245 2166 331 2206 m.¹⁶
367 2178 459 2218 pars
496 2164 715 2205 fifeltares¹⁷
753 2166 809 2205 sei
839 2165 1041 2218 apsolyere
1077 2166 1210 2206 volent
1245 2165 1325 2206 sive
1363 2165 1647 2214 condemnare,
1682 2163 1687 2219 Ι
1724 2165 1794 2217 (16)
1824 2164 1955 2204 liceto.

247 2234 312 2274 Sei
342 2235 432 2286 quei
474 2233 520 2273 ad
556 2233 672 2273 huc¹⁸
711 2233 902 2286 templum
943 2245 1026 2273 rem
1066 2233 1258 2274 deivinam
1298 2233 1436 2273 fecerit
1465 2233 1546 2273 lovi
1577 2232 1722 2273 Libero
1757 2237 1824 2272 aux
1853 2231 1956 2272 Iovis

246 2302 378 2354 genio,
410 2301 547 2354 pelleis
575 2299 580 2355 Ι
608 2302 675 2353 (17)
705 2300 811 2341 coria
842 2302 946 2341 fanei
976 2307 1109 2342 sunto.

361 2380 476 2424 Prope
506 2380 542 2414 S.
567 2379 707 2412 Mariae
731 2380 773 2413 de
796 2377 966 2419 Fur-fona
997 2390 1090 2423 rep„
1125 2380 1189 2412 ubi
1217 2378 1293 2419 fuit
1321 2377 1440 2419 Furfo
1472 2381 1572 2412 vicus
1596 2378 1830 2419 Sabinorum,
1861 2387 1958 2411 nunc

247 2438 402 2481 Aquilae
435 2437 472 2478 (I
492 2438 570 2472 605.
602 2436 654 2470 IX
673 2436 778 2471 5545.
810 2435 948 2469 Rz'lsclzl
977 2438 1047 2470 tab.
1071 2435 1264 2480 LXXXII).
1312 2436 1402 2478 Egit
1425 2436 1468 2469 de
1491 2437 1558 2470 lzoc
1582 2435 1688 2469 titulo
1711 2433 1847 2467 Jordan
1872 2433 1956 2469 ltu-it.

252 2494 423 2536 Beitra'ge
446 2505 514 2527 zur
533 2493 736 2527 Geeckiclzte
762 2493 826 2525 der
851 2493 911 2527 lat.
928 2492 1088 2535 Spraclie
1109 2503 1144 2536 p.
1160 2492 1226 2526 254
1240 2503 1310 2535 seq.
1325 2510 1371 2517 —
1396 2493 1428 2534 1)
1452 2492 1505 2525 De
1528 2492 1612 2526 Iove
1627 2491 1757 2525 Libero
1783 2488 1830 2530 cf.
1845 2500 1959 2534 supra

250 2549 295 2583 Ν.
311 2552 411 2585 5065.
430 2570 471 2575 —
496 2550 530 2592 2)
554 2551 597 2583 A.
615 2560 650 2583 u.
669 2561 698 2584 c.
714 2552 788 2584 696.
804 2569 847 2573 —
873 2550 906 2592 3)
930 2548 1050 2582 Mense
1064 2549 1210 2583 Florali
1226 2548 1374 2593 (mensis
1388 2560 1435 2581 ex
1452 2547 1628 2583 Sabelliea
1646 2546 1904 2580 consuetudine
1918 2549 1960 2581 in

250 2608 364 2639 sacris
387 2610 572 2649 retentus).
588 2625 634 2631 —
656 2608 691 2649 4)
716 2607 777 2640 Sic
794 2605 873 2650 (sed
888 2616 968 2639 cum
982 2609 1116 2649 puncto
1133 2608 1230 2639 inter
1246 2605 1379 2640 comula
1396 2608 1431 2638 et
1447 2605 1527 2649 teis)
1553 2605 1667 2648 lapi-U
1691 2613 1764 2636 non
1780 2603 1960 2647 intellegi·

252 2665 324 2696 tur.
354 2681 400 2686 —
438 2664 471 2705 5)
500 2663 713 2706 Requiritur
735 2660 778 2696 ui
798 2663 943 2696 videtur
972 2663 1043 2697 utei
1068 2666 1217 2697 extrema
1243 2661 1461 2696 fundamenta
1485 2663 1565 2694 sunt
1597 2658 1665 2703 (cf.
1687 2670 1799 2703 mpra
1823 2659 1869 2695 N.
1894 2660 1960 2695 442

251 2720 360 2752 inser.
377 2718 521 2752 lateris.-
546 2720 594 2754 uti
613 2719 766 2754 infimum
792 2719 904 2754 solum
930 2719 1099 2764 huiusque
1123 2729 1202 2752 arae
1227 2717 1471 2762 titulorumque
1487 2717 1564 2761 est),
1601 2717 1636 2759 6)
1663 2718 1810 2750 structas
1827 2719 1960 2752 struen-

251 2773 375 2816 das(?).
397 2793 442 2799 —-
465 2777 500 2817 7)
525 2775 648 2809 humus
673 2777 776 2820 lapis.
798 2794 845 2802 —
869 2776 907 2821 8)
934 2775 1155 2810 Vocabulum
1178 2777 1255 2808 sine
1278 2775 1386 2808 dubio
1410 2775 1630 2816 corruptum.
1655 2791 1700 2797 —
1725 2774 1759 2816 9)
1781 2773 1898 2808 Ferro
1921 2775 1962 2808 in

251 2842 291 2864 re
314 2842 420 2865 sacra
443 2834 500 2865 uti
522 2843 595 2865 non
619 2833 760 2866 licuisse
783 2836 907 2867 notum
931 2835 992 2867 est.
1025 2852 1069 2857 —
1104 2833 1158 2875 10)
1182 2830 1412 2865 Inserendum
1434 2829 1578 2863 videtur
1601 2829 1717 2865 liceat.
1741 2849 1788 2856 —
1823 2831 1880 2874 11)
1904 2828 1962 2870 Cf.

251 2887 354 2928 infra
379 2888 424 2925 N.
439 2890 535 2923 4940.
559 2908 605 2914 —
637 2891 692 2932 12)
718 2890 871 2924 sentiunt
896 2890 999 2933 lapis.
1023 2909 1069 2914 —
1095 2890 1150 2931 13)
1174 2887 1339 2922 Scilicet.-
1362 2885 1510 2921 vendere
1535 2885 1647 2920 locare
1673 2887 1787 2929 (quod
1807 2885 1963 2927 fortasse

254 2947 389 2980 excidit
411 2947 452 2978 in
476 2946 624 2991 lapide).
650 2966 691 2971 —
726 2948 780 2990 14)
804 2947 898 2980 Dolo
921 2947 1084 2980 malo.-—
1110 2947 1164 2988 15)
1191 2944 1342 2979 Videtur
1357 2943 1497 2986 requiri
1520 2941 1700 2976 emendum
1716 2942 1962 2987 (alelen).—

257 3004 311 3044 16)
334 3004 464 3037 Maior.
489 3022 528 3026 ——
559 3004 613 3045 17)
642 3004 861 3037 Vocabulum
886 3007 1095 3047 corruptum
1121 3002 1356 3046 (principium
1377 2997 1532 3040 fortasse
1555 3009 1666 3032 manu
1689 3001 1825 3033 recenti
1847 3001 1887 3033 in
1911 3000 1963 3034 la·

252 3059 336 3100 pide
358 3059 561 3103 scriptum).
584 3079 630 3084 —
656 3061 710 3102 18)
734 3060 811 3093 Scr.
835 3061 911 3095 hoc.
