2092 3360
277 163 330 203 96
1027 159 1147 205 Caput
1169 158 1234 195 XI.

396 276 571 310 Tem-niae
605 278 644 308 in
676 273 812 307 Norico
846 283 922 316 rep.
960 272 1032 318 (III
1059 273 1149 308 4758
1183 273 1276 306 vidit
1304 273 1520 314 Mommsen;
1555 271 1603 312 cf.
1638 272 1679 305 A.
1704 282 1736 308 υ.
1753 272 1990 305 Premerstein

278 333 404 366 Philol.
421 334 479 374 55,
504 333 588 366 1894
611 342 647 374 p.
667 331 761 375 409).
795 349 839 354 -
874 331 907 372 1)
932 330 1032 363 ΑΙὸίἰ
1055 330 1225 372 Maximi,
1254 330 1390 363 scilicet
1411 331 1522 371 servi,
1555 329 1724 362 videntur
1746 327 1861 369 fuisse
1883 338 1990 362 vena-

278 393 373 422 tores
396 389 454 421 illi
478 392 549 420 tres
574 387 690 431 (Albii
714 387 868 420 Mamimz·
892 387 959 418 alii
981 389 1077 419 servi
1099 389 1185 419 sunt
1207 385 1263 419 III
1283 385 1395 431 4876).

390 467 502 512 37⁴6
535 478 681 523 (mulier
696 482 795 512 stans
812 483 905 512 veste
921 482 1025 511 curta
1044 489 1123 511 cum
1142 479 1270 521 caligis
1286 482 1320 511 et
1334 479 1572 521 subligaculo,
1596 480 1712 521 capite
1727 476 1837 519 nudo,
1859 476 1990 510 dextra

275 536 458 579 flagellum
486 538 690 568 monstrans
719 536 872 568 draconi
903 536 952 569 ad
971 535 1078 578 pedes
1102 536 1252 576 iacenti,
1283 535 1384 568 laeva
1406 545 1573 579 parmam
1597 538 1718 567 tenens
1740 532 1881 574 formae
1905 542 1992 576 qua·

277 599 403 632 dratae
426 609 505 631 cum
521 597 602 638 face
627 598 731 630 lauro
756 598 909 631 tridente
932 599 985 630 ibi
1008 598 1216 640 insculptis,·
1240 597 1289 630 ad
1305 598 1415 641 pedes
1438 600 1490 631 est
1512 595 1610 642 rota)
1635 593 1746 633 Nem.
1777 604 1858 643 reg.
1877 589 1990 643 ΑΗΒ)

277 675 354 702 sao.
382 660 388 717 Ι
416 693 450 705 ..
475 661 548 702 Iul.
566 662 793 702 Victorinus
821 669 911 710 vet„
940 658 946 716 Ι
975 657 1038 717 [c]
1070 674 1180 701 mun.
1211 660 1330 700 And.²
1359 674 1448 701 cum
1480 661 1561 702 suis
1587 662 1593 715 Ι
1621 674 1652 700 v.
1685 674 1716 701 s.
1747 660 1772 702 l.
1805 672 1855 700 m.

391 730 433 762 In
454 732 560 772 parte
584 740 709 762 aversa
734 729 866 771 lapidis
896 731 935 762 in
966 740 1036 772 quo
1069 732 1119 761 est
1143 728 1270 760 titulus
1293 727 1338 762 N.
1363 728 1464 769 1005,
1496 729 1559 761 sed
1582 728 1712 761 litteris
1734 726 1848 760 multo
1872 726 1992 759 minue

278 787 379 819 bonis
411 785 487 831 (III
505 787 592 819 4008
619 786 714 818 vidit
737 786 947 827 Memmi-en,-
983 787 1104 828 imago
1138 785 1224 818 deae
1256 787 1549 828 repraesentatur
1577 785 1724 818 Bericht
1755 784 1816 817 des
1841 782 1992 817 Ver-eim

279 842 503 876 Carnuntum
527 842 671 887 4895s96
691 853 725 885 p.
743 842 814 886 76).
841 862 884 868 —
917 843 948 886 1)
978 842 1115 876 Nemesi
1138 843 1287 885 reginae
1311 843 1509 885 Augustae.
1534 860 1579 866 —
1607 843 1641 884 2)
1666 841 1877 883 Veteranus,
1900 840 1991 873 civis

276 901 469 941 municipii
490 899 757 933 Andautoniae.

391 978 504 1024 3747
548 980 644 1020 (leae
664 980 820 1020 Nemesi
848 978 854 1033 Ι
882 980 962 1021 Ael.
985 980 1183 1032 Diogenes
1209 977 1214 1034 Ι
1243 986 1282 1019 et
1304 976 1430 1035 Sil[i]a
1452 979 1602 1018 Valeria
1630 978 1636 1032 Ι
1662 992 1735 1032 pro
1765 979 1890 1020 salute
1920 990 1990 1019 sua

278 1054 317 1088 et
342 1047 347 1102 Ι
374 1049 544 1088 filiorum
576 1060 738 1088 suorum
766 1045 771 1102 Ι
800 1054 923 1088 mater
954 1053 993 1087 et
1022 1053 1134 1100 pater
1160 1045 1165 1103 Ι
1193 1061 1237 1088 ex
1269 1054 1359 1087 voto
1392 1061 1412 1087 a
1444 1047 1528 1087 solo
1555 1046 1560 1102 Ι
1588 1048 1779 1100 templum
1810 1060 1857 1087 ex
1887 1059 1959 1087 suo
1983 1046 1989 1100 Ι

277 1117 459 1155 fecerunt
487 1116 665 1170 colleflgio
700 1113 1052 1172 u[t]riclari}0rum.

391 1184 434 1216 In
457 1183 590 1226 Dacia,
621 1185 717 1216 inter
741 1183 1067 1226 Sarmizegetusam
1090 1186 1126 1215 et
1153 1182 1347 1223 Tibiscum,
1381 1183 1431 1216 ad
1450 1192 1586 1226 pagum
1609 1182 1740 1225 Marga
1769 1181 1990 1216 Transsilva-

277 1241 371 1281 niae,
402 1241 466 1272 ubi
490 1240 631 1272 videtur
654 1239 766 1278 fuisse
792 1240 883 1273 Pons
906 1241 1064 1281 Augusti
1095 1239 1169 1280 (III
1190 1239 1274 1273 1547
1299 1239 1408 1272 deser.
1433 1249 1467 1273 a.
1484 1239 1568 1273 1690
1593 1239 1807 1283 Mar-silius).

391 1319 528 1365 3747*
563 1321 721 1361 Nemesi
747 1321 753 1370 Ι
780 1324 879 1374 Aug.
910 1334 941 1361 s.
970 1319 976 1374 Ι
1003 1320 1043 1360 C.
1067 1320 1187 1361 Iulius
1214 1318 1219 1375 Ι
1247 1317 1562 1375 Chrysolgonus¹
1590 1318 1597 1374 Ι
1622 1326 1713 1360 voto
1745 1321 1850 1361 fecit.

390 1398 531 1444 37471’
564 1402 661 1441 daeo
692 1405 774 1451 (sic)
818 1399 943 1456 sanlto
975 1404 1058 1450 (sic)
1104 1397 1276 1455 Silvalno
1320 1398 1486 1453 sacrlum
1532 1400 1573 1441 C.
1610 1397 1744 1456 Iullius
1783 1396 1989 1454 Crylsogo-

279 1481 355 1509 nus
382 1466 388 1522 Ι
415 1481 449 1508 v.
479 1482 511 1509 s.

393 1536 499 1569 Polae
521 1546 594 1579 rep.
621 1546 652 1569 a.
669 1536 755 1570 1875
778 1538 819 1569 in
842 1535 1039 1576 fullonio-ae
1063 1537 1234 1569 vestibulo
1261 1535 1316 1580 (V
1333 1536 1434 1569 8155.
1458 1535 1548 1570 8156
1571 1535 1681 1569 deser.
1708 1534 1920 1580 Majonica).
1944 1553 1990 1561 -

284 1594 313 1631 1)
339 1592 492 1627 Videtur
515 1594 648 1625 vixisse
671 1594 785 1625 aetati
807 1592 941 1634 Severi,
967 1592 1016 1633 cf.
1042 1592 1078 1626 V
1089 1592 1144 1627 61.

392 1671 507 1718 3748
556 1674 596 1713 ἰι]
628 1673 667 1713 h.
697 1674 734 1713 d.
766 1674 802 1714 d.
831 1672 837 1727 Ι
864 1674 1078 1723 Adi-astino,
1106 1671 1113 1726 Ι
1140 1652 1319 1727 colleg-‚ml-
1342 1673 1648 1715 utriclariorum.

393 1740 435 1773 In
463 1739 733 1773 Transsilvania
755 1751 868 1783 prope
884 1740 1005 1774 Muros
1024 1740 1224 1784 Vasarhely
1249 1751 1322 1783 rep.
1349 1739 1497 1785 (111944
1517 1740 1624 1773 semel
1637 1740 1695 1773 vel
1713 1741 1768 1773 bis
1783 1739 1989 1783 descripta).

390 1933 505 1979 3749
554 1935 664 1975 Bono
693 1933 698 1990 Ι
730 1935 895 1975 Evento.

394 2002 556 2036 Veronae
581 2002 635 2042 (V
652 2002 747 2036 5218
770 2003 862 2035 vidit
884 2001 1107 2045 Mommsen).

391 2080 509 2126 375⁰
559 2083 669 2122 Bono
691 2083 860 2124 Eventui
892 2090 998 2132 (puer
1021 2087 1273 2132 chlamydatus
1297 2086 1331 2120 d.
1355 2089 1530 2130 pateram,
1553 2097 1582 2118 s.
1605 2087 1722 2128 spicas
1746 2087 1894 2127 tenens).

391 2149 434 2182 In
457 2159 576 2182 museo
602 2150 827 2193 Britannice,
851 2150 983 2185 Romae
1005 2152 1082 2184 sine
1106 2150 1214 2183 dubio
1238 2160 1312 2192 rep.
1337 2149 1410 2189 (VI
1429 2148 1491 2182 144
1514 2148 1608 2181 vidit
1633 2148 1821 2189 Huebner).

391 2227 502 2274 3751
553 2229 666 2270 Bono
698 2228 877 2286 Evenltui
915 2244 1014 2272 sacr.
1051 2228 1057 2285 Ι
1098 2243 1146 2270 ex
1183 2230 1430 2282 testamenlto
1470 2229 1516 2276 Q.
1548 2228 1620 2268 Iuli
1651 2224 1828 2283 Liflbouis
1864 2229 1903 2269 h.
1934 2241 1988 2269 m.

278 2298 329 2337 v.¹
358 2295 364 2352 Ι
396 2310 468 2351 per
499 2298 650 2338 Annios
676 2296 682 2353 Ι
710 2298 908 2338 Titianum
949 2295 1163 2354 Iulniorem
1202 2303 1242 2338 et
1279 2295 1462 2353 Felilcem
1501 2296 1668 2336 heredes
1693 2293 1699 2351 Ι
1731 2295 1816 2336 eius
1847 2308 1895 2336 ex
1924 2295 1988 2336 HS

278 2364 468 2421 quinlque
498 2365 656 2406 milibus
686 2378 725 2406 n.

396 2432 528 2466 Thibili
557 2435 597 2466 in
625 2432 800 2467 Numidia
832 2433 941 2474 (VIII
965 2433 1001 2467 S.
1021 2433 1128 2467 18890
1152 2432 1315 2467 Schmidt
1336 2432 1430 2465 vidit
1452 2433 1648 2476 ectypum).
1674 2447 1721 2456 ——
1758 2430 1791 2472 1)
1814 2429 1988 2464 Honesta«

276 2491 470 2523 memoriae
493 2491 577 2525 viri.

391 2568 505 2615 3752
545 2571 701 2611 Bonum
728 2568 735 2626 Ι
762 2570 955 2610 Eventum
983 2570 989 2624 Ι
1016 2570 1246 2622 municipio,
1273 2568 1278 2624 Ι
1306 2568 1573 2621 municipibus
1598 2566 1604 2622 Ι
1632 2573 1672 2607 et
1694 2567 1835 2607 incolis
1854 2564 1987 2624 Asilsi-

278 2638 436 2678 natibus
462 2637 468 2693 Ι
497 2639 542 2685 Q.
574 2639 748 2679 Tiresius
775 2636 780 2692 Ι
808 2638 1024 2690 Primigeni
1056 2637 1060 2692 Ι
1097 2638 1164 2678 lib.
1197 2636 1431 2690 Campanius
1462 2635 1570 2675 Vivit·
1599 2638 1697 2687 Aug.
1727 2633 1732 2690 Ι
1765 2636 1803 2678 S.
1824 2636 1906 2676 (5.1.
1929 2636 1984 2678 d.¹

394 2706 503 2737 Asisii
527 2705 594 2749 (XI
614 2705 701 2739 5571
727 2705 820 2738 vidit
847 2704 1058 2747 Bor-mann).
1083 2724 1127 2729 —
1154 2706 1187 2747 1)
1214 2703 1268 2745 Cf.
1294 2703 1339 2738 Ν.
1354 2704 1448 2739 5589
1471 2702 1597 2736 noi-3.

342 2764 370 2766 ᾤ
388 2783 503 2829 3753
551 2785 624 2825 deo
654 2784 803 2839 salncto
835 2782 1001 2840 Evflento
1035 2785 1091 2825 Fl.
1120 2783 1126 2839 Ι
1154 2785 1303 2825 Fronto
1330 2781 1336 2837 Ι
1363 2796 1409 2823 ex
1440 2781 1676 2836 praelcepm.

389 2851 572 2884 Bracarae
595 2854 781 2895 Augustae
805 2852 861 2896 (ΙΙ
881 2853 971 2886 2412
995 2853 1102 2885 semel
1123 2851 1329 2894 descripta).

316 2911 319 2913 ⁴
387 2929 501 2975 3754
540 2931 601 2971 die
623 2931 730 2971 bono
750 2935 834 2981 (sie)
863 2930 868 2987 Ι
896 2932 1165 2972 M.A11ecinus
1186 2930 1365 2970 Athictus
1390 2928 1396 2984 Ι
1425 2929 1530 2969 dedit
1550 2929 1678 2969 libens
1699 2928 1830 2968 animo
1848 2931 1984 2978 (paor).

393 2997 584 3030 Caesareae
609 2997 809 3041 (Cherchel)
836 2999 1085 3032 Mauretaniae
1113 2997 1219 3042 (VIII
1233 2997 1330 3031 9525
1345 2996 1392 3036 cf:
1414 2995 1504 3030 VII!
1518 2995 1554 3029 S:
1569 2996 1686 3030 20958
1708 2995 1877 3029 viderunt
1897 2994 1986 3030 Wil-

275 3063 403 3086 manns
427 3056 461 3084 et
486 3053 674 3097 Schmidt).
1550 3062 1557 3069 ·
