2092 3360
579 178 695 216 Tituli
718 178 969 226 municipales.
992 199 1039 205 —
1062 178 1336 226 Transpadana.
1730 179 1813 218 651

22 293 26 298 “
96 307 203 348 gom.
231 294 238 350 Ι
272 295 350 336 dat.
380 295 428 336 ab
460 295 555 349 imp.
588 295 770 343 Traiano,
805 293 812 348 Ι
852 302 977 336 curat.
1009 295 1066 335 rei
1097 308 1135 349 p.
1167 295 1351 337 Comens.
1380 293 1387 351 Ι
1421 296 1498 336 dat.
1529 295 1578 335 ab
1609 296 1704 349 imp.
1737 295 1814 335 Ha-

97 362 252 412 driano,
281 362 286 418 Ι
313 363 477 416 collegia
505 362 510 419 Ι
540 363 688 404 fabror.
719 371 758 404 et
788 370 895 405 cent.

212 431 367 465 Brixiae
392 430 451 475 (V
458 432 547 466 4368
571 432 680 465 deser.
707 431 884 476 Cyriacus
908 431 1074 474 aliique).

211 510 327 557 6726
370 513 413 553 Ρ.
435 513 557 553 Mario
585 511 591 567 Ι
620 513 707 553 Vot.
735 514 741 564 Ι
769 513 1020 566 Luperciano
1048 512 1054 566 Ι
1081 525 1144 565 eq.
1175 513 1221 552 R.
1254 526 1316 566 eq.
1348 512 1471 566 publ.‚
1503 525 1610 553 omn.
1640 510 1645 567 Ι
1673 513 1815 553 honor.

97 580 327 633 municipal.
358 581 502 634 adept„
530 579 538 637 Ι
565 581 684 622 iudici
715 582 764 621 de
794 581 943 629 select.,
974 580 1125 623 sacerd.
1146 580 1392 628 Caeninen.¹,
1425 581 1514 622 coll.
1543 579 1549 636 Ι
1576 581 1678 624 fabr.
1710 587 1814 622 cent.

97 648 216 690 dend.
248 661 302 691 m.
333 649 394 690 B.²
423 656 593 703 patron.,
634 648 641 705 Ι
684 650 797 691 cuius
829 650 967 690 eximia
997 649 1212 690 liberalitas
1244 655 1335 702 post
1368 648 1375 705 Ι
1415 650 1558 690 multas
1588 649 1817 702 largitiones

97 717 306 770 hucusque
347 717 353 770 Ι
395 718 560 767 enituit,
605 725 650 759 ut
687 719 799 759 lucar
828 717 1051 759 Libitinae³
1092 717 1099 772 Ι
1139 718 1387 770 redemptum
1430 731 1451 758 a
1481 731 1525 758 re
1557 732 1595 772 p.
1625 731 1694 759 sua
1725 718 1816 758 uni-

96 786 221 826 versis
254 785 261 838 Ι
295 786 448 827 civibus
478 787 559 827 suis
590 788 629 827 in
662 793 902 840 perpetuum
941 785 948 840 Ι
988 786 1220 827 remitteret.
1271 786 1399 827 Huius
1429 793 1489 827 tot
1518 793 1558 827 et
1586 795 1666 827 tam
1708 786 1714 841 Ι
1754 787 1817 827 in-

97 854 230 907 gentia
261 855 401 895 merita
433 855 485 895 ita
512 853 519 909 Ι
545 855 839 896 remuneranda
870 860 1129 903 censuerunt,
1160 851 1167 909 Ι
1194 860 1238 895 ut
1258 855 1428 907 effigiem
1459 855 1565 896 illius
1585 861 1779 909 perpetua
1807 853 1814 909 Ι

97 923 355 963 veneratione
386 923 648 965 celebrarent.
677 922 683 979 Ι
710 924 753 965 L.
785 924 821 964 d.
852 924 890 963 d.
922 924 959 964 d.

212 990 386 1033 Ber-gomi
410 990 460 1034 (V
471 991 564 1025 5128
586 992 681 1025 vidit
696 991 919 1036 Mommsen).
936 1010 981 1015 —
1008 990 1040 1032 1)
1067 988 1119 1030 Cf.
1135 1000 1246 1033 supra
1262 989 1308 1024 Ν.
1323 989 1414 1024 5012
1430 993 1504 1024 not.
1521 990 1554 1024 4.
1570 1009 1615 1015 -
1639 991 1675 1033 2)
1700 990 1818 1024 Muni-

97 1047 187 1090 cipit·
209 1047 493 1090 Bergomatium.
517 1067 563 1074 -
593 1049 627 1091 3)
645 1043 785 1082 ‘Luear
808 1048 991 1082 Libitinae
1014 1051 1066 1080 est
1082 1049 1211 1090 opinor
1232 1048 1386 1090 pecunia
1410 1048 1485 1080 sive
1508 1049 1543 1080 ei
1558 1047 1645 1081 deae
1667 1050 1741 1080 sive
1763 1049 1820 1081 rei

93 1104 265 1147 publicae
286 1115 355 1148 pro
380 1104 511 1145 funere
533 1106 714 1148 solvenda,
734 1116 806 1149 pro
832 1115 902 1148 quo
925 1104 1048 1138 reditu
1073 1103 1322 1148 Luper-cianus
1344 1107 1475 1138 sortem
1499 1106 1556 1137 rei
1573 1105 1742 1148 publicae
1765 1106 1818 1138 ita

97 1161 215 1204 dedit,
243 1163 286 1194 ut
307 1172 442 1195 usurae
465 1164 542 1195 eius
571 1164 612 1195 in
635 1163 888 1196 intributionis
917 1161 1132 1202 sunm-ariae
1163 1161 1279 1195 locum
1307 1161 1539 1195 succederent
1568 1164 1603 1194 et
1623 1160 1739 1202 funus
1761 1161 1819 1202 fa-

97 1221 232 1252 cientes
260 1219 314 1251 sic
337 1220 382 1252 ab
409 1229 450 1251 ea
475 1213 736 1253 liberarentur’
761 1218 967 1264 (Momm-³).

211 1275 316 1309 Alios
340 1276 464 1309 titulos
487 1276 721 1319 Bergomates
745 1276 831 1310 dedi
853 1287 965 1319 supra
991 1274 1037 1310 N.
1055 1276 1160 1310 2722.
1185 1276 1287 1310 5092.

212 1355 327 1402 6727
372 1352 447 1413 [L]
482 1357 664 1399 Minicius
694 1358 739 1398 L.
771 1358 798 1398 s.
823 1358 914 1399 Ouf.
937 1357 1134 1398 Exoratus
1169 1354 1175 1412 Ι
1209 1357 1312 1396 flam.
1345 1357 1420 1396 divi
1452 1357 1529 1397 Titi
1550 1358 1651 1409 Aug.
1675 1356 1819 1411 Vespa-

98 1425 224 1467 siani¹
255 1437 456 1466 consensu
488 1426 711 1474 decurion.,
741 1432 791 1467 tr.
814 1427 912 1476 mil.‚
944 1425 1078 1466 1111vir
1107 1437 1139 1469 a.
1174 1425 1247 1478 p.²,
1280 1425 1376 1465 Ilvir
1405 1425 1430 1465 i.
1453 1425 1504 1474 d.,
1535 1427 1660 1478 praef.
1684 1426 1783 1467 fabr.
1811 1425 1817 1482 Ι

97 1506 119 1534 a
150 1506 212 1547 pr.
236 1493 304 1539 ibis
334 1500 374 1534 et
403 1494 514 1543 cos.³,
547 1495 708 1547 pontif..
739 1494 815 1535 sibi
847 1501 887 1535 et
916 1494 1120 1535 Geminiae
1152 1493 1193 1534 C.
1226 1494 1253 1533 f.
1281 1493 1438 1534 Priscae
1468 1495 1602 1543 uxori,
1635 1501 1674 1535 et
1704 1495 1819 1536 Mini-

98 1562 183 1603 ciae
213 1562 259 1602 L.
289 1563 316 1602 f.
347 1561 473 1603 Bisiae
517 1575 552 1602 v.
584 1563 610 1602 f.

213 1628 412 1663 Bezzonieo
437 1594 486 1663 ad,
501 1629 617 1663 laeum
633 1629 785 1664 Larium
803 1629 1053 1674 (Comensem),
1077 1631 1154 1662 iam
1170 1627 1359 1671 Menaggii
1382 1628 1442 1672 (V
1447 1629 1543 1663 5239
1569 1629 1660 1663 vidit
1675 1629 1821 1663 Momm-

97 1686 191 1731 sen).
215 1705 262 1711 —
288 1687 320 1729 1)
345 1685 444 1720 Comi
458 1689 500 1719 ut
515 1687 669 1722 videtur.
686 1706 733 1711 —
756 1688 790 1730 2)
816 1686 1055 1729 Quattuor-vir
1071 1686 1240 1720 aedilicia
1257 1687 1442 1729 potestate.
1459 1705 1505 1711 —
1531 1688 1564 1728 3)
1591 1686 1645 1726 Cf.
1660 1686 1820 1722 Momms.

98 1744 217 1777 Herm.
233 1743 266 1784 4,
280 1743 321 1777 61
338 1746 424 1784 not„
451 1742 555 1783 infra
579 1742 625 1778 Ν.
641 1744 730 1778 6862
756 1743 846 1786 (not.
863 1745 913 1784 4).

211 1823 328 1870 6728
386 1825 428 1868 L.
463 1824 655 1866 Caecilius
685 1826 730 1866 L.
761 1827 788 1866 f.
821 1826 902 1866 Cilo
942 1825 950 1880 Ι
994 1826 1127 1865 [Illvir
1167 1838 1201 1864 a.
1233 1838 1292 1877 p.,
1335 1823 1341 1878 Ι
1383 1827 1449 1877 qui
1482 1832 1717 1866 testamento
1748 1840 1821 1867 suo

92 1890 166 1935 ‘HS
195 1907 235 1934 n.
256 1893 399 1934 XXXX
428 1893 696 1946 municipibus
727 1893 990 1934 Comensibus
1023 1897 1031 1946 Ι
1066 1893 1228 1945 legavit,
1268 1906 1316 1932 ex
1348 1906 1517 1945 quorum
1558 1894 1689 1934 reditu
1725 1904 1823 1947 quot

99 1964 217 2005 annis
246 1974 321 2016 per
350 1961 589 2014 Neptunalia
621 1962 775 2002 oleum¹
803 1959 809 2016 Ι
842 1962 883 2001 in
916 1974 1057 2014 campo
1088 1967 1128 2000 et
1159 1961 1198 2000 in
1231 1961 1396 2000 thermis
1427 1969 1465 2001 et
1496 1962 1662 2002 balineis
1692 1964 1821 2004 omni·

99 2033 175 2073 bus
205 2044 306 2084 quae
337 2035 433 2071 sunt
467 2028 473 2083 Ι
514 2029 624 2069 Comi
653 2029 804 2082 populo
835 2029 1107 2082 praeberetur,
1138 2035 1165 2068 t.
1197 2029 1224 2068 f.
1255 2029 1294 2077 i.‚
1326 2036 1366 2068 et
1402 2026 1408 2083 Ι
1443 2029 1487 2069 L.
1520 2030 1687 2071 Caecilio
1719 2031 1762 2071 L.
1794 2032 1822 2072 f.

99 2100 255 2141 Valenti
286 2105 326 2140 et
353 2099 398 2139 P.
430 2097 598 2139 Caecilio
630 2098 673 2138 L.
704 2099 731 2137 f.
764 2097 972 2138 Secundo²
1011 2104 1050 2138 et
1087 2097 1270 2137 Lutullae
1300 2097 1400 2137 Picti
1432 2098 1458 2137 f.
1491 2098 1786 2139 contubernali.
1814 2096 1820 2155 Ι

215 2170 333 2209 Aetas
353 2167 595 2220 properavit,
625 2166 851 2207 faciendum
872 2166 959 2207 fuit.
999 2165 1088 2205 Noli
1110 2165 1312 2219 plangere,
1344 2171 1481 2206 mater.
1524 2166 1649 2207 Mater
1679 2165 1685 2221 Ι
1709 2174 1824 2220 rogat

100 2249 219 2291 quam
253 2236 425 2289 primum
456 2236 607 2276 ducatis
637 2248 680 2276 se
710 2235 756 2275 ad
788 2234 886 2275 vos.⁸

222 2304 324 2339 C'omi
349 2303 400 2347 (V
421 2303 512 2337 5279
535 2303 627 2336 vidit
652 2300 873 2346 Mommsen).
895 2320 941 2326 —
966 2302 1000 2343 1)
1026 2298 1081 2340 Cr.
1099 2299 1143 2334 N.
1159 2302 1250 2335 6585
1268 2302 1358 2341 (not.
1370 2300 1420 2344 1),
1443 2299 1488 2334 Ν.
1506 2302 1592 2335 6957
1605 2303 1695 2342 (not.
1708 2301 1762 2346 2).
1777 2321 1821 2326 —

103 2361 137 2402 2)
165 2359 222 2400 Cf.
246 2371 358 2402 supra
382 2358 427 2393 N.
444 2360 537 2394 2927
559 2363 632 2393 not.
650 2359 668 2392 4
686 2358 748 2399 fin.
772 2377 818 2382 —
843 2359 876 2400 3)
903 2358 1079 2392 Ver-suum
1100 2358 1316 2400 particulae,
1340 2356 1387 2396 cf.
1411 2357 1605 2391 Buecheler·
1627 2358 1701 2392 450.

215 2440 333 2488 6729
387 2443 430 2482 Ρ.
462 2442 553 2481 Atili
579 2440 585 2496 Ι
613 2441 656 2481 Ρ.
688 2442 715 2481 f.
748 2441 839 2481 Ouf.
867 2438 873 2495 Ι
901 2439 1118 2493 Septiciani
1145 2438 1151 2494 Ι
1178 2445 1385 2492 grammat.
1417 2439 1568 2486 Latini,
1597 2437 1603 2493 Ι
1630 2439 1694 2479 cui
1725 2439 1822 2480 ordo

104 2511 289 2552 Comens.
318 2511 323 2562 Ι
360 2516 594 2550 ornamenta
629 2508 635 2564 Ι
677 2510 814 2549 decur.
845 2508 1030 2548 decrevit.
1070 2510 1077 2559 Ι
1118 2507 1195 2555 Qui
1225 2507 1451 2547 universam
1487 2504 1493 2559 Ι
1528 2504 1818 2562 ειὼεῑεηῑίειιῃΙ

103 2591 215 2620 suam
245 2579 293 2619 ad
324 2591 406 2619 rem
440 2577 550 2631 publ.
584 2575 590 2632 Ι
625 2577 826 2630 pertinere
858 2575 992 2616 voluit.

863 2643 922 2684 (In
946 2643 1077 2686 latere)

379 2703 609 2744 Morborum
635 2701 641 2757 Ι
668 2702 759 2741 vitia
791 2707 830 2741 et
858 2701 958 2741 vitae
985 2699 992 2754 Ι
1018 2701 1117 2741 mala
1154 2700 1319 2740 maxima
1347 2697 1353 2753 Ι
1381 2700 1475 2752 fugi.
1502 2698 1509 2752 Ι

441 2772 557 2812 Nunc
588 2782 703 2811 careo
731 2767 737 2825 Ι
763 2769 918 2823 poenis,
950 2781 1048 2821 pace
1075 2766 1081 2824 Ι
1108 2769 1221 2808 fruor
1251 2768 1439 2820 placida¹.

225 2838 324 2873 Comi
348 2838 407 2883 (V
421 2839 514 2873 5278
537 2838 631 2871 vidit
655 2837 876 2881 Mommsen).
901 2855 947 2860 —
973 2836 1006 2878 1)
1029 2835 1224 2868 Buecheler
1248 2835 1344 2868 4274.

220 2896 323 2929 Alios
347 2897 472 2930 titulos
501 2896 684 2930 Comenses
708 2894 815 2927 habes
838 2903 950 2935 supra
974 2890 1019 2926 N.
1042 2891 1144 2925 2721.
1175 2891 1279 2926 2725.
1309 2891 1412 2925 2927.
1443 2890 1550 2925 5422.
1582 2891 1690 2925 5285.
1722 2891 1823 2925 5709.

106 2953 204 2987 4819.

222 3020 338 3066 6730
388 3022 621 3063 Innocenti¹
654 3033 743 3060 cum
774 3019 987 3059 Encratio¹
1019 3017 1142 3058 vivas!
1180 3016 1185 3071 Ι
1222 3018 1321 3058 Gen.
1354 3023 1393 3057 et
1423 3018 1517 3056 bon.
1553 3014 1558 3071 Ι
1595 3017 1696 3069 Magi
1728 3017 1825 3058 Ger-

110 3091 217 3131 mani
250 3091 395 3131 Statori
423 3089 428 3145 Ι
455 3089 641 3131 Marsiani
672 3101 735 3140 eq.
758 3087 803 3127 R.
835 3099 897 3139 eq.
930 3100 982 3140 p.,
1015 3086 1100 3127 dec.
1130 3086 1215 3127 dec.
1238 3086 1280 3134 V,
1307 3084 1313 3140 Ι
1341 3098 1387 3126 ex
1417 3083 1581 3126 211112
1617 3085 1707 3126 coll.
1738 3085 1826 3126 fabr

0 2890 17 3096 Ι

0 3097 9 3204 i

0 3205 13 3360 Ι
