2092 3360
250 170 333 210 588
954 168 1074 214 caput
1096 169 1216 204 xlm.

249 296 359 329 supra
378 286 423 320 N.
434 284 533 319 5945.
581 282 758 325 Quartum
783 281 913 314 duovir
936 281 1011 321 fuit
1027 293 1061 316 a.
1077 292 1113 315 u.
1131 291 1161 315 c.
1173 281 1275 326 754s2
1301 285 1387 314 teste
1403 282 1509 316 titulo
1525 281 1628 322 infra
1652 282 1698 318 N.
1711 283 1813 319 6394.
1852 283 1962 326 Quin-

249 342 507 385 quennalitatis
531 340 606 371 eius
627 339 842 370 mentionem
865 336 1012 377 faciunt
1034 340 1143 370 etiam
1175 339 1274 371 tituli
1295 340 1498 381 scariphati
1519 339 1577 373 IV
1594 339 1691 375 4886.
1717 340 1814 375 4948.
1866 340 1963 373 Idem

249 408 377 431 nomen
397 399 589 440 praeterea
613 396 711 427 inter
733 395 939 436 signatores
962 395 1121 437 apochae
1144 405 1182 428 n.
1197 393 1303 428 LXX.
1317 413 1364 419 —-
1389 395 1424 437 2)
1446 395 1501 428 De
1524 407 1648 430 errore
1671 397 1837 440 quodam,
1861 406 1964 440 quem

249 454 507 496 quadratarius
529 452 596 484 lzoc
620 451 697 484 loco
722 451 903 483 commisit
924 454 960 484 et
982 462 1068 484 moa:
1092 453 1270 494 corre-vit,
1300 451 1572 494 Zangemeister
1596 453 1618 486 l.
1636 464 1665 487 c.
1683 463 1722 496 p.
1739 455 1815 488 968.

364 553 483 599 6362
540 554 592 594 Μ.
623 553 821 594 Holconio
853 554 979 594 Celeri
1021 551 1028 608 Ι
1067 555 1104 595 d.
1136 568 1169 596 v.
1201 555 1227 595 i.
1259 555 1298 595 d.
1329 555 1468 608 quinq.
1500 556 1717 609 designato,
1752 556 1758 612 Ι
1797 557 1964 611 Augusti

249 623 483 665 sacerdoti¹.

361 699 502 747 6362ει
532 702 584 742 M.
616 701 811 742 Holconio
842 701 894 741 M.
925 703 952 742 f.
985 701 1111 742 Celeri
1137 700 1144 756 Ι
1170 702 1364 743 sacerdoti
1394 703 1471 744 divi
1502 704 1683 757 Augusti.

362 770 539 813 Pompeiis
562 779 648 812 rep„
668 770 777 811 prior
801 769 929 802 titulus
952 771 992 802 in
1017 770 1158 803 theatro
1182 772 1330 811 maiore,
1354 780 1451 803 nunc
1474 770 1630 815 Neapoli
1652 773 1691 805 in
1714 782 1847 814 museo,
1871 772 1965 807 alter

250 829 428 860 incertum
453 836 523 869 quo
548 825 626 859 loco
649 836 736 869 rep„
761 829 813 859 est
837 828 922 859 item
938 824 1095 869 Neapoli
1118 828 1157 859 in
1181 836 1300 859 museo
1327 825 1379 870 (X
1389 828 1465 861 840.
1481 829 1547 862 945
1569 828 1663 861 vidit
1685 828 1907 872 Mommsen).
1927 848 1964 854 —

250 886 281 927 1)
306 884 367 917 Em
391 885 445 917 liis
470 883 586 916 titulis
610 885 646 914 et
668 883 779 915 tertio
802 881 836 916 X
858 884 922 917 946
949 882 1157 916 Mancinius
1188 883 1334 926 collegit
1356 883 1510 917 Celerem
1535 885 1761 928 designatum
1782 896 1854 918 esse
1877 885 1964 919 duo-

247 943 367 975 virum
390 942 471 973 vivo
496 940 674 981 Augusto,
699 939 823 972 iniisse
847 941 1103 983 magistratum
1122 943 1207 983 post
1229 942 1378 973 mortem
1403 943 1480 974 eius
1504 940 1595 986 (kal.
1616 942 1684 976 Iul.
1708 952 1742 976 a.
1756 952 1792 985 p.
1811 941 1892 976 Glir-
1909 941 1964 985 15,

245 1001 289 1031 ut
313 998 453 1031 iudicat
476 996 671 1030 Mommsen
695 996 745 1029 ad
766 995 803 1029 X
822 996 917 1040 840).
939 1015 984 1020 -
1009 996 1136 1029 Eidem
1161 996 1277 1030 Celeri
1294 999 1440 1041 positus
1463 1001 1516 1031 est
1539 999 1669 1032 titulus
1690 998 1726 1032 X
1743 999 1819 1040 946,
1850 999 1964 1032 eidem

248 1057 314 1088 aut
337 1055 511 1087 Holconia
535 1052 632 1093 Ruso
656 1053 692 1086 X
710 1053 785 1087 944.
832 1054 929 1086 Idem
959 1063 1034 1086 una
1071 1063 1151 1086 cum
1182 1053 1356 1087 Holconio
1386 1053 1483 1094 Rul'o
1518 1056 1643 1098 posuit
1675 1054 1802 1089 titulos
1831 1056 1966 1088 theatri

248 1111 457 1153 Pompeiani
479 1109 650 1144 X833—
657 1109 728 1143 835
754 1109 882 1153 (supra
899 1109 944 1144 Ν.
959 1110 1080 1155 5638).

362 1201 501 1248 63632·
546 1203 597 1243 M.
619 1203 830 1244 Lucretius
860 1203 904 1243 L.
927 1203 952 1243 f.
975 1203 1068 1243 Dec.
1090 1202 1218 1243 Ruius
1244 1202 1250 1256 Ι
1277 1202 1387 1245 llvir.
1407 1204 1494 1245 iter.
1516 1204 1670 1256 quinq„
1697 1202 1704 1259 Ι
1738 1205 1830 1245 trib.
1851 1205 1963 1246 milit.

247 1285 268 1312 a
299 1273 463 1325 popule,
489 1270 648 1327 {praefi
680 1271 781 1312 fabr.

362 1348 502 1396 6363'0
546 1351 598 1391 M.
619 1351 808 1391 Lucretio
839 1350 1042 1391 Decidian.
1069 1349 1075 1404 Ι
1103 1350 1207 1390 Rufo
1238 1351 1276 1390 d.
1306 1363 1342 1391 v,
1375 1351 1428 1391 111
1460 1352 1612 1404 quinq„
1640 1353 1647 1403 Ι
1682 1352 1839 1405 pontif„
1869 1352 1963 1393 trib.

248 1421 414 1461 militum
443 1418 449 1474 Ι
476 1433 497 1460 a
526 1419 689 1472 populo,
720 1420 845 1471 praef.
875 1419 992 1472 subn,
1018 1416 1024 1473 Ι
1052 1418 1103 1461 Μ.
1137 1418 1314 1459 Pilonius
1344 1419 1484 1461 Rufus.

361 1498 499 1545 63630
547 1500 598 1540 M.
621 1500 808 1540 Lucretio
839 1499 1039 1540 Decidian.
1066 1495 1216 1554 muro,
1246 1497 1354 1539 llvir.
1384 1499 1439 1540 111
1461 1500 1614 1552 quinq,
1642 1497 1648 1554 Ι
1683 1501 1840 1553 pontif„
1869 1500 1962 1541 trib.

249 1569 327 1611 mil.
358 1572 379 1609 a
412 1569 575 1622 populo,
602 1567 609 1623 Ι
636 1569 760 1622 praef.
793 1568 907 1617 fabr„
939 1581 987 1608 ex
1016 1569 1054 1608 d.
1081 1567 1118 1607 d.
1149 1565 1154 1621 Ι
1180 1573 1273 1620 post
1301 1574 1485 1608 mortem.

363 1645 509 1692 6363d
556 1647 608 1688 Μ.
631 1648 841 1689 Lucretius
870 1647 1005 1688 Decid.
1033 1645 1039 1701 Ι
1065 1647 1192 1687 Rufus
1227 1646 1335 1687 llvir.
1366 1647 1419 1687 111
1451 1648 1608 1700 quinq„
1636 1645 1643 1703 Ι
1674 1647 1838 1700 pontif„
1870 1647 1990 1690 trib.'

247 1717 328 1757 mil.
357 1714 362 1771 Ι
389 1720 411 1756 a
440 1716 604 1769 populo,
634 1717 759 1769 praef.
790 1715 868 1757 fab.
896 1713 902 1770 Ι
929 1715 981 1755 Μ.
1011 1715 1196 1756 Decidius
1226 1715 1406 1756 Pilonius
1431 1716 1438 1769 Ι
1466 1716 1592 1757 Rufus
1622 1717 1812 1770 reposuit.

361 1797 539 1839 Pompeiis
559 1806 647 1839 rep„
674 1798 848 1839 quattuor
864 1795 972 1838 tituli,
990 1797 1133 1838 primus
1143 1805 1260 1838 prope
1281 1794 1404 1834 sorum
1415 1821 1424 1837 ,
1445 1795 1622 1828 secundus
1638 1798 1673 1828 et
1688 1797 1816 1828 tertius
1831 1798 1870 1828 in
1886 1797 1965 1839 ipso

247 1851 342 1894 fora,
367 1855 520 1895 quartus
542 1853 583 1885 in
608 1853 712 1885 curia
738 1852 854 1885 Isiaca
878 1863 911 1895 q.
929 1852 963 1885 d.
988 1850 1149 1891 (Notizie
1165 1851 1263 1894 degli
1278 1853 1379 1884 scavi
1394 1852 1482 1885 4898
1500 1863 1538 1895 p.
1555 1852 1615 1886 474
1623 1864 1637 1894 ,·
1661 1851 1697 1886 Χ
1715 1853 1792 1888 788.
1807 1854 1882 1888 789.
1898 1853 1963 1888 854

253 1911 315 1943 lzos
339 1910 430 1942 vidit
452 1908 675 1952 Mommsen).

363 1998 479 2044 6364
685 1999 737 2039 Μ.
759 1998 946 2038 Lucretio
978 1998 1082 2038 flam.
1114 1998 1248 2038 Martis
1276 1997 1433 2038 decuri-

687 2067 867 2119 Pompei.
1281 2066 1349 2106 oni

362 2137 549 2179 Pompeiis,
573 2136 763 2178 inscriptio
781 2134 953 2177 epistulae
970 2135 1093 2177 pictae
1108 2143 1182 2166 una
1200 2143 1279 2166 cum
1296 2134 1533 2168 instrumento
1550 2136 1746 2178 scriptorio
1770 2137 1811 2169 in
1825 2137 1965 2179 pariete

251 2193 407 2226 cubiculi
430 2193 555 2226 domus
575 2194 741 2235 privatae
765 2190 841 2234 (IV
849 2192 936 2232 879‚·
961 2191 1047 2224 Mau
1072 2191 1232 2231 Pompeii
1252 2201 1289 2232 p.
1304 2191 1401 2234 549).

366 2284 481 2330 6365
542 2286 594 2325 Μ.
632 2285 755 2325 Alleio
795 2285 942 2324 Luccio
985 2284 1155 2324 Libellae
1194 2284 1318 2336 patri,
1365 2283 1500 2333 aedili,
1540 2283 1547 2338 Ι
1588 2284 1714 2334 llvir.,
1761 2286 1963 2338 praefecto

251 2355 418 2407 quinq.¹,
449 2361 488 2394 et
518 2354 568 2394 M.
590 2354 714 2393 Alleio
744 2352 917 2393 Libellae
948 2354 990 2400 f.‚
1017 2354 1023 2403 Ι
1050 2351 1279 2405 decurioni,
1309 2351 1402 2391 vixit
1432 2352 1548 2392 annis
1577 2351 1698 2402 XVII,
1737 2353 1848 2394 locus
1877 2365 1964 2393 mo-

252 2422 432 2462 numenti
473 2421 479 2474 Ι
521 2422 678 2475 publice
716 2422 830 2462 datus
860 2427 931 2462 est.
980 2420 1100 2460 Alleia
1131 2419 1182 2459 M.
1214 2420 1240 2460 f.
1272 2419 1493 2469 Decimissa,
1533 2420 1718 2461 sacerdos
1757 2419 1765 2476 Ι
1805 2421 1964 2474 publica

257 2490 422 2538 Cereris,
453 2490 680 2530 faciundum
712 2489 861 2529 curavit
891 2489 975 2528 viro
1006 2494 1046 2528 et
1075 2488 1156 2528 filio
1168 2487 1196 2527 ².

365 2557 540 2599 Pompeiis
564 2560 670 2590 extra
690 2559 837 2600 portam
853 2555 1152 2588 Herculanensem
1178 2554 1231 2599 (X
1243 2556 1330 2590 4056
1354 2555 1445 2588 vidit
1469 2554 1693 2599 Mommsen).
1741 2554 1784 2588 In
1808 2553 1964 2587 eiusdem

253 2612 386 2655 lapidis
396 2616 504 2655 parte
521 2624 645 2646 aversa
670 2613 763 2646 idem
786 2612 912 2645 titulus
934 2613 1108 2654 repetitus
1125 2615 1187 2654 est,
1211 2612 1275 2644 sed
1290 2613 1447 2645 versibus
1464 2611 1572 2645 aliter
1587 2611 1724 2646 divisis.
1741 2629 1785 2635 —
1810 2613 1843 2654 1)
1864 2610 1964 2644 Duo-

252 2670 310 2701 vir
340 2670 420 2701 iure
450 2669 606 2702 dicundo
637 2669 917 2713 quinquennalis
948 2667 1024 2708 s'uit
1054 2679 1087 2702 a.
1108 2679 1146 2711 p.
1173 2667 1208 2702 C.
1231 2669 1288 2710 26,
1322 2671 1407 2701 teste
1430 2668 1537 2701 titulo
1561 2666 1595 2701 X
1615 2669 1693 2702 896.
1739 2666 1964 2700 Memor-atur

247 2728 437 2767 praeterea
461 2727 501 2758 in
526 2726 632 2759 tilulo
656 2737 768 2769 supra
792 2725 838 2760 N.
853 2726 956 2760 5207.
981 2744 1027 2750 —
1050 2727 1087 2767 2)
1111 2725 1154 2758 In
1180 2725 1294 2758 altero
1319 2736 1375 2759 esc.
1401 2728 1453 2758 est
1477 2724 1547 2759 filo.

366 2815 487 2863 6366
527 2819 572 2859 A.
594 2819 795 2859 Umbricio
816 2820 860 2858 A.
883 2818 910 2857 f.
933 2818 1036 2861 Men.
1062 2816 1069 2873 Ι
1096 2818 1260 2859 Scauro¹
1288 2815 1293 2873 Ι
1323 2818 1427 2859 llvir.
1449 2818 1475 2859 i.
1497 2818 1533 2859 d.
1565 2817 1571 2871 Ι
1594 2817 1695 2857 Huic
1726 2816 1963 2858 decuriones

254 2885 384 2925 locum
415 2899 592 2926 monum.
627 2885 634 2942 Ι
668 2893 707 2927 et
737 2886 811 2929 HS
831 2898 882 2925 00
903 2898 956 2926 00
985 2886 1026 2925 in
1058 2886 1199 2926 funere
1235 2892 1275 2926 et
1303 2892 1473 2926 statuam
1505 2890 1678 2937 equestr.
1713 2883 1720 2938 Ι
1760 2881 1819 2940 [in
1847 2881 1962 2942 f]0ro

254 2954 478 3004 ponendam
509 2960 767 2995 censuerunt.
796 2953 801 3009 Ι
829 2953 1003 2994 Scaurus
1033 2959 1146 3006 pater
1175 2954 1269 2995 filio.

367 3020 542 3062 Pompeiis
559 3022 664 3052 eaetra
679 3023 823 3063 portam
839 3019 1150 3063 Herculanensem,
1175 3023 1215 3054 in
1231 3021 1458 3054 monumento
1477 3021 1605 3052 ornato
1621 3019 1843 3062 anaglyphis
1858 3029 1963 3062 opere

255 3076 406 3107 tectorio
430 3074 606 3117 confictis,
631 3077 759 3118 quibus
782 3079 1099 3119 repraesentantur
1118 3077 1344 3120 gladiatores
1375 3073 1425 3118 (X
1446 3075 1533 3110 4024
1558 3075 1650 3108 vidit
1672 3075 1894 3118 Mommsen).
1917 3093 1963 3100 -
