2092 3360
266 196 381 234 Tituli
405 197 502 233 sacri
526 199 563 234 et
586 197 829 234 sacerdotum.
846 217 891 223 —
914 197 1076 235 Numina
1094 198 1306 235 Galliarum.
1339 199 1500 237 Numina
1514 200 1653 238 Non-lei.
1754 201 1836 240 241

180 300 183 302 ’
247 312 338 346 olim
370 313 409 345 in
439 312 656 346 monasterio
686 310 816 353 Seeon,
849 312 976 345 deinde
1005 312 1189 347 Monaehii
1219 313 1292 353 (III
1311 315 1399 349 5584
1432 315 1524 349 vidit
1550 315 1772 359 Mommsen).
1796 335 1840 341 —

131 370 163 405 1)
187 368 229 402 A.
255 368 331 402 249.

244 436 359 483 4859
407 437 433 481 1.
468 451 504 478 ο.
536 449 601 486 m.‚
629 437 636 486 Ι
662 437 825 490 Eponae
852 436 858 492 Ι
886 444 925 477 et
955 438 1105 479 Celeiae
1133 437 1139 493 Ι
1165 447 1324 481 sanctae
1351 442 1357 491 Ι
1385 441 1435 481 Μ.
1458 442 1525 482 Si.
1544 471 1554 481 .
1573 472 1582 482 .
1600 473 1610 483 .
1638 440 1644 497 Ι
1672 472 1788 485 .....

248 505 383 538 Celeu'ae
407 503 524 549 (ciui)
548 505 589 537 in
612 503 749 538 Norico
775 504 847 544 (111
868 504 958 538 5492
983 506 1075 539 vidie
1096 506 1323 548 Mommsen),

246 584 365 631 4866
408 586 437 626 Ι.
469 598 505 626 ο.
536 598 589 626 m.
622 593 661 626 et
691 585 771 626 Cel.
799 583 805 640 Ι
833 592 872 626 et
888 586 1054 626 Noreiae
1081 584 1088 641 Ι
1113 594 1263 637 sancte,
1293 588 1395 628 Rufi.
1422 588 1429 643 Ι
1457 590 1600 631 Senilis
1631 590 1685 631 br.
1716 592 1809 632 cos.¹

131 667 205 707 pro
234 667 277 695 se
307 659 347 695 et
374 654 456 694 suis
483 659 489 708 Ι
514 667 549 694 ν.
579 667 610 694 s.
643 654 667 693 Ι.
698 666 750 694 m.

248 721 382 755 Celeiae
407 721 478 762 (111
499 721 590 755 5488
613 721 706 754 vidit
730 720 951 764 Mommsen).
976 740 1020 746 —
1049 724 1080 763 1)
1104 720 1365 762 Beneficiarius
1389 724 1600 759 consularis.

243 798 360 846 4861
409 801 523 841 Marti
551 798 557 854 Ι
585 801 744 841 Herculi
771 799 777 856 Ι
805 799 1009 856 Victorilae
1036 798 1042 856 Ι
1070 801 1247 842 Noreiae.

247 868 382 903 Celeiae
406 868 478 908 (III
498 868 589 902 5495
612 868 706 901 vidit
728 867 950 913 Mommsen).

246 947 364 994 4862
411 950 577 990 Noreiae
605 949 611 1005 Ι
637 962 806 991 sacrum.

246 1016 377 1050 Romae
400 1027 474 1060 rep.
498 1018 538 1049 in
562 1018 693 1050 eastris
716 1017 878 1060 equitum
900 1015 1144 1058 singularium
1161 1015 1232 1061 (VI
1243 1016 1352 1051 54479
1367 1033 1413 1046 =
1431 1018 1523 1050 Ann.
1540 1019 1624 1052 inst.
1641 1020 1739 1053 areli.
1755 1020 1844 1055 4885

129 1085 167 1118 p.
192 1074 289 1117 290).
323 1092 370 1099 -
404 1073 449 1107 In
477 1072 609 1114 Africa
639 1075 822 1116 reperitur
853 1071 885 1106 d.
916 1082 961 1106 m.
990 1082 1018 1107 S.
1044 1072 1158 1107 Norei.
1193 1075 1474 1117 superscriptum
1509 1074 1616 1108 titulo
1650 1077 1846 1120 sepulcrali

134 1130 369 1164 adulescentis
392 1132 474 1163 nati
496 1132 610 1162 matre
634 1128 783 1169 Norica,
814 1128 900 1162 VIII
920 1129 1022 1162 4882.

246 1209 365 1256 4863
413 1214 566 1258 (globus,
590 1216 631 1247 in
655 1225 725 1257 quo
748 1215 848 1247 stetit
869 1213 1007 1258 statua)
1033 1211 1198 1250 Noreiae
1233 1210 1240 1260 Ι
1272 1212 1372 1264 Aug.
1403 1224 1503 1252 saer.
1538 1216 1545 1265 Ι
1587 1212 1634 1258 O.
1666 1213 1809 1255 Fabius
1836 1212 1843 1271 Ι

133 1280 333 1321 Modestus
366 1277 374 1332 Ι
409 1278 526 1318 domo
557 1277 694 1327 Roma,
727 1275 735 1332 Ι
769 1277 853 1319 dec.
884 1277 932 1317 al.
965 1277 980 1317 1
1012 1278 1112 1330 Aug.
1140 1276 1146 1331 Ι
1180 1278 1376 1320 Thracum
1412 1280 1418 1332 Ι
1453 1280 1623 1332 phialam
1652 1279 1658 1335 Ι
1693 1291 1846 1335 argent.

132 1361 172 1401 p.
194 1347 295 1395 112³,
326 1346 463 1387 embl.²
490 1346 656 1387 Noreiae
681 1345 688 1400 Ι
714 1358 833 1386 aurea
863 1346 1002 1386 uncias
1031 1347 1140 1392 duas,
1169 1344 1175 1399 Ι
1201 1347 1238 1389 d.
1260 1347 1298 1387 d.

254 1413 338 1447 Non
374 1414 479 1456 longe
506 1424 529 1447 a
556 1413 748 1447 ruderibus
777 1412 913 1446 Viruni
943 1423 1039 1455 rep.‚
1075 1425 1097 1447 a
1127 1412 1343 1456 Klagenfurl
1372 1417 1458 1458 sept.
1487 1425 1608 1448 versus
1639 1415 1717 1448 loeo
1749 1416 1847 1449 dieto

133 1472 348 1505 Hohenstein
364 1469 536 1515 (1114806
553 1470 644 1503 vidit
659 1469 880 1513 Mommsen).
904 1488 951 1494 —-
976 1471 1009 1512 1)
1033 1471 1154 1504 Pondo
1171 1471 1211 1504 II
1229 1473 1357 1504 uncias
1374 1473 1444 1504 tres
1468 1471 1558 1515 (sive
1581 1473 1848 1518 quadrantem),

132 1530 168 1571 2)
191 1527 412 1562 emblemata.

247 1594 369 1641 4864
411 1596 579 1637 Noreiae
610 1596 701 1637 lsidi
732 1597 825 1637 fecit
850 1595 856 1652 Ι
883 1598 927 1638 Α.
948 1597 1186 1637 Trebonius.

250 1664 292 1697 In
315 1666 434 1697 monte
459 1663 687 1706 Ulrielzsberg
713 1674 826 1708 prope
852 1662 1070 1707 Klagenfurt
1091 1674 1186 1707 rep„
1213 1673 1288 1696 non
1313 1663 1418 1707 longe
1448 1675 1469 1697 a
1499 1664 1691 1698 ruderibus
1717 1665 1850 1699 Viruni

136 1721 208 1762 (111
229 1720 316 1754 4840
340 1720 531 1763 aliquoties
552 1720 764 1764 descripta).
816 1720 956 1755 Titulus
980 1721 1122 1754 dicatus
1150 1719 1230 1753 Isidi
1256 1718 1371 1753 Norei.
1396 1722 1449 1752 est
1471 1731 1583 1763 supra
1607 1720 1653 1755 N.
1677 1721 1770 1756 4467.
1817 1723 1850 1755 Α

137 1777 335 1811 Sueborum
356 1779 462 1818 parte
485 1778 594 1809 etiam
617 1776 709 1810 Isidi
730 1787 836 1812 sacra
859 1777 944 1819 fieri
964 1777 1079 1810 solere
1102 1778 1156 1810 ait
1182 1775 1263 1810 Tac.
1284 1776 1400 1810 Germ.
1416 1778 1448 1817 9,
1473 1786 1580 1819 quam
1603 1776 1730 1810 Isidem
1753 1779 1850 1811 hanc

137 1845 210 1867 esse
232 1833 403 1867 Nor-eiam
427 1834 580 1866 coniecit
603 1833 875 1876 Zangemeisler
899 1833 998 1868 Neue
1014 1833 1267 1875 Heidelberger
1283 1833 1405 1866 Jahrb.
1422 1833 1509 1866 4895
1531 1844 1567 1876 p.
1582 1833 1626 1866 47
1649 1837 1723 1867 not.
1738 1835 1772 1868 5.

250 1913 367 1959 4865
416 1915 558 1955 Belesti
591 1917 688 1967 Aug.
717 1916 723 1968 Ι
749 1915 795 1954 Τ.
817 1915 1048 1967 Tapponius
1074 1913 1080 1967 Ι
1107 1914 1306 1954 Macrinus
1332 1912 1337 1967 Ι
1365 1920 1404 1953 et
1434 1913 1531 1954 Iulia
1556 1913 1646 1953 Sex.
1667 1915 1692 1954 l.
1721 1913 1727 1970 Ι
1755 1914 1849 1956 Cara

137 1995 228 2024 cum
259 1983 341 2023 suis
367 1980 373 2037 Ι
399 1995 434 2022 v.
466 1996 496 2023 s.
527 1983 553 2023 1.
585 1995 637 2022 m.

251 2049 295 2082 In
318 2048 466 2090 Norico,
498 2050 538 2082 in
562 2048 728 2089 confiniis
748 2050 939 2090 regionum
963 2059 1054 2091 quae
1076 2058 1174 2081 nunc
1200 2051 1285 2081 sunl
1309 2046 1492 2082 Kc'irnthen
1517 2052 1551 2082 ei
1575 2047 1706 2091 Krain‚
1737 2060 1850 2092 prope

138 2106 175 2142 S.
193 2106 386 2140 Leonhard
407 2108 447 2139 in
471 2109 590 2139 monte
614 2105 720 2138 Loibl
743 2104 818 2148 (III
837 2105 923 2139 4775
947 2105 1040 2138 vidit
1064 2104 1285 2149 Mommsen).

252 2185 369 2232 4866
414 2186 552 2227 Belino
580 2184 587 2240 Ι
613 2187 712 2239 Aug.
740 2198 818 2227 sac.
845 2184 852 2242 Ι
878 2185 920 2226 C.
941 2185 1088 2226 Marius
1115 2184 1122 2239 Ι
1147 2187 1314 2226 Severus
1340 2185 1346 2239 Ι
1373 2186 1410 2225 d.
1433 2185 1471 2225 d.
1493 2188 1549 2232 (in
1566 2189 1696 2223 latere.-
1711 2200 1852 2233 urceus,

138 2257 178 2288 in
195 2254 308 2288 altero
327 2254 456 2287 latere:
478 2257 607 2297 patera
630 2254 671 2286 in
695 2263 766 2296 qua
786 2263 895 2297 poma
918 2256 1003 2286 sunt
1026 2256 1062 2286 et
1075 2254 1257 2296 spicarum
1282 2252 1544 2285 calamorumve
1565 2252 1790 2297 fasciculus).

253 2311 296 2344 In
319 2310 466 2353 Norico,
494 2320 610 2353 prope
635 2308 853 2353 Klagenl'urt
875 2320 949 2353 rep.
975 2309 1050 2354 (ΙΙΙ
1068 2309 1154 2343 4774
1177 2309 1269 2343 vidit
1292 2308 1514 2350 Mommsen).

259 2367 304 2403 Ut
319 2367 403 2400 aliis
417 2368 616 2411 provinciis
634 2369 669 2399 et
684 2367 892 2399 civilatibus
906 2368 964 2399 sui
980 2367 1048 2407 dei,
1071 2368 1124 2400 sic
1140 2365 1286 2400 Noricis
1302 2365 1455 2398 Belenus
1470 2365 1556 2398 deus
1572 2369 1653 2399 erat
1668 2369 1752 2399 teste
1772 2365 1853 2399 Ter-

141 2425 294 2458 tulliano
312 2424 404 2468 apol.
422 2425 478 2465 24,
503 2422 551 2463 cf.
568 2423 617 2456 ad
631 2426 708 2457 nat.
724 2423 760 2465 2,
774 2425 808 2465 8,
833 2433 935 2466 quem
952 2426 1069 2457 lam0n
1089 2423 1285 2466 praecipue
1300 2423 1489 2465 Aquileiae
1513 2423 1649 2456 cultum
1665 2433 1738 2455 esse
1755 2421 1855 2455 tituli

140 2480 187 2515 Ν.
199 2481 284 2515 4867
292 2491 363 2524 seq.
380 2481 629 2515 demonstrant
633 2493 647 2521 ,-
665 2481 771 2522 atque
788 2480 897 2513 otiam
909 2475 1004 2522 θεὸς
1019 2471 1226 2526 ἐπιχώριος
1238 2480 1523 2523 Aquileiensium
1540 2479 1675 2512 dieitur
1686 2480 1730 2513 ab
1743 2479 1854 2512 Hero-

143 2537 254 2572 diano
269 2539 304 2580 8,
318 2539 355 2579 5,
371 2539 395 2571 8
419 2537 524 2579 (Iulii
541 2537 687 2571 Carniei
704 2546 842 2579 quoque
857 2534 935 2576 fuit
948 2535 1052 2571 aedes
1066 2535 1200 2577 Beleni,
1221 2536 1260 2570 V
1267 2536 1363 2570 4866.
1397 2536 1589 2570 Carnicum
1609 2536 1731 2579 potius
1747 2546 1854 2578 quam

141 2593 317 2628 Noricum
349 2604 481 2627 numen
506 2595 614 2637 putat
643 2593 836 2627 Mommsen
866 2592 916 2626 aa
946 2591 984 2626 V
1000 2592 1099 2633 732).
1144 2593 1178 2626 Α
1200 2593 1376 2626 militibus
1409 2604 1455 2626 εει
1479 2593 1666 2626 Pannonia
1690 2592 1856 2626 oriundis

142 2651 276 2684 colitur
302 2650 354 2684 VI
372 2651 486 2685 52544
511 2649 647 2695 (2800).

255 2718 394 2765 4866ει
430 2716 669 2776 Q[ua]rt[us]
698 2720 703 2772 Ι
730 2719 869 2759 Belino
896 2718 903 2772 Ι
929 2731 1002 2771 pro
1031 2731 1075 2759 se
1105 2725 1144 2759 et
1171 2717 1177 2773 Ι
1202 2732 1308 2760 suos.

261 2785 440 2830 Greasque
463 2789 503 2819 in
530 2785 648 2822 Gallia
672 2785 901 2820 Narbonensi
926 2783 1060 2828 (Bevus
1082 2785 1144 2818 des
1167 2784 1261 2821 etad.
1279 2787 1471 2820 ancienne:
1487 2783 1576 2818 4900
1590 2793 1626 2826 p.
1641 2783 1703 2818 467
1719 2782 1855 2816 Iullian

142 2842 236 2876 vidit
251 2842 500 2887 eclypum).—
511 2843 554 2876 In
569 2842 687 2877 Gallia
699 2842 870 2876 Belenum
886 2842 1023 2875 cultum
1038 2852 1112 2875 esse
1128 2842 1269 2876 indicat
1281 2843 1464 2876 Ausonius
1475 2839 1632 2884 profess.
1642 2841 1677 2879 5,
1684 2840 1717 2873 9.
1734 2839 1788 2881 44,
1799 2839 1856 2872 24.

146 2897 199 2939 Gr.
223 2899 294 2933 XII
312 2910 346 2943 p.
362 2900 439 2934 924.
463 2918 509 2925 -—
532 2899 668 2934 Bellino
692 2902 755 2943 qui
779 2900 916 2933 dicitur
940 2901 980 2932 in
996 2899 1169 2932 Arvernis
1193 2899 1379 2933 dedicatus
1402 2897 1530 2930 titulus
1546 2895 1727 2930 Χ1114464
1752 2895 1858 2928 valde

145 2958 327 2998 suspectus
350 2959 412 2989 est.

257 3033 370 3079 4867
418 3036 464 3076 D.
498 3037 641 3078 Lurius
671 3038 716 3078 D.
747 3039 773 3078 f.
802 3037 807 3092 Ι
835 3037 919 3077 Vol.
947 3036 952 3091 Ι
980 3037 1119 3077 Belino
1146 3036 1152 3086 Ι
1178 3049 1212 3077 v.
1243 3050 1274 3078 s.
1307 3037 1331 3077 l.
1364 3048 1431 3084 m.‚
1455 3033 1462 3089 Ι
1490 3034 1714 3087 Nymphis¹.

261 3101 448 3143 Aquileiae
470 3113 544 3146 rep.
569 3102 768 3148 (MaJoniea
785 3101 1025 3146 archeografo
1043 3103 1208 3137 triestino
1225 3103 1311 3137 4895
1334 3114 1371 3146 p.
1388 3100 1479 3145 494).
1493 3119 1537 3125 -
1564 3101 1596 3142 1)
1622 3101 1697 3134 Ara
1716 3099 1859 3133 videtur·

215 3161 355 3194 Dmau.
375 3162 583 3198 Insefiptiones
601 3164 724 3194 Latinae
743 3164 782 3193 11.
1542 3158 1584 3191 16
