2092 3360
216 187 300 227 518
912 185 1030 231 Caput
1052 186 1174 221 X1111.

216 302 343 356 Q!
407 304 455 342 R.
505 302 569 341 De
600 301 988 342 intercessione
1020 301 1150 341 llvir.
1182 306 1229 341 et
1258 299 1436 340 aedil.⁴⁸
1467 298 1540 352 q.³⁵
1567 298 1573 353 Ι

329 370 479 412 XXVlI.
539 369 616 415 Qui
647 369 753 409 llvir.
786 370 1027 420 autaediles
1065 375 1133 409 aut
1171 375 1400 421 quaestores
1440 368 1525 410 eius
1564 369 1756 421 municipi
1794 374 1924 418 erunt,

216 440 275 480 his
305 439 410 478 IIvir.
442 438 547 477 inter
587 434 592 492 Ι
634 450 676 478 se
714 444 754 478 et
790 451 880 478 cum
911 438 1052 491 aliquis
1080 438 1313 477 alterutrum
1352 448 1491 477 eorum
1532 441 1600 477 aut
1636 442 1846 489 utrumque
1875 437 1924 478 ab

215 507 337 547 aedile
369 505 559 546 aedilibus
593 505 600 558 Ι
634 511 702 545 aut
731 506 999 557 quaestores⁴⁹
1034 505 1311 558 quaestoribus
1340 503 1573 557 appellabit,
1610 504 1703 545 item
1735 504 1926 550 aedilibus

215 576 320 615 inter
356 587 416 623 se,
455 568 780 626 ⁸⁵⁰interlcedendi
819 574 860 614 in
900 574 1031 615 triduo
1070 586 1264 627 proxumo
1306 585 1424 626 quam
1463 572 1673 626 appellatio
1710 574 1810 614 facta
1852 573 1928 614 erit

215 643 439 696 poteritque
480 639 487 694 Ι
527 642 740 692 intercedi,
787 643 891 694 quod
933 643 1025 693 eius,
1056 643 1241 682 adversus
1278 641 1317 681 h.
1348 641 1374 681 l.
1416 655 1497 682 non
1534 643 1618 694 fiat,
1664 647 1704 682 et
1741 642 1835 682 dum
1875 654 1926 682 ne

215 712 382 764 amplius
401 722 517 763 quam
539 711 661 751 semel
688 709 695 763 Ι
721 711 889 764 quisque
910 724 1047 752 eorum
1079 711 1119 751 in
1143 710 1279 750 eadem
1309 723 1352 750 re
1375 711 1610 763 appelletur,
1641 710 1702 751 ius
1732 717 1927 763 potestas·-

215 794 291 834 que
312 786 408 828 esto,
441 792 538 819 neve
560 780 648 833 quis
675 778 681 832 Ι
705 781 890 821 adversus
921 793 966 820 ea
997 779 1246 833 quicquam⁵¹
1278 779 1539 819 intercessum
1565 779 1651 828 erit,
1682 779 1812 819 facito.
1838 778 1845 834 Ι

271 861 319 900 R.
364 860 430 899 De
461 859 627 899 servis
657 860 787 912 apud
819 860 947 900 llvir.
978 857 1453 911 manumittendis.)
1720 911 1722 913 ι

329 927 500 968 xxvln.
561 927 602 968 Si
634 928 722 979 quis
761 929 969 981 municeps
1007 928 1200 981 municipi
1236 927 1342 968 Flavi
1374 927 1626 979 Salpensani,
1665 928 1734 980 qui
1764 928 1928 969 Latinus

216 998 309 1045 erit,
354 997 458 1049 apud
498 996 622 1044 lIvir.,
663 995 667 1050 Ι
710 997 779 1048 qui
810 997 897 1037 iure
937 997 1109 1036 dicundo
1149 1002 1366 1049 praeerunt
1401 996 1485 1036 eius
1518 996 1727 1049 municipi,
1772 1009 1927 1037 servom

215 1079 327 1108 suom
367 1077 564 1106 servamve
594 1077 707 1105 suam
747 1063 752 1120 Ι
795 1078 842 1106 ex
881 1066 1066 1106 servitute
1105 1066 1146 1105 in
1188 1065 1407 1105 libertate⁵²
1446 1065 1722 1105 manumiserit
1758 1065 1928 1106 liberum

215 1135 425 1175 liberamve
456 1146 542 1174 esse
573 1134 742 1183 iusserit,
770 1131 775 1189 Ι
803 1135 895 1175 dum
930 1147 980 1174 ne
1009 1134 1097 1187 quis
1128 1134 1302 1187 pupillus
1333 1145 1432 1174 neve
1463 1146 1565 1186 quae
1595 1133 1704 1186 virgo
1736 1134 1925 1176 mulierve

215 1202 302 1242 sine
331 1208 463 1243 tutore
494 1209 656 1243 auctore
695 1202 702 1258 Ι
744 1215 862 1255 quem
895 1215 1059 1255 quamve
1099 1203 1351 1243 manumittat
1390 1202 1561 1242 liberum
1591 1201 1802 1243 liberamve
1841 1199 1927 1244 esse

216 1270 369 1310 iubeat:
401 1270 469 1322 qui
500 1271 553 1310 ita
579 1271 586 1324 Ι
613 1271 880 1312 manumissus
909 1271 1056 1311 liberve
1087 1283 1173 1311 esse
1203 1269 1333 1311 iussus
1364 1271 1451 1319 erit,
1488 1270 1587 1311 liber
1617 1277 1715 1320 esto,
1747 1283 1928 1324 quaeque

216 1339 268 1377 ita
297 1339 539 1379 manumissa
580 1338 586 1393 Ι
626 1340 838 1380 liberave⁶³
876 1340 981 1380 iussa
1012 1340 1104 1387 erit,
1143 1338 1268 1378 libera
1298 1345 1397 1387 esto,
1437 1339 1495 1379 uti
1534 1339 1603 1391 qui
1632 1339 1809 1393 optum⁵⁴
1841 1339 1927 1380 iure

217 1407 346 1447 Latini
376 1407 551 1447 libertini
582 1405 708 1463 lilberi
738 1415 832 1448 sunt
862 1414 1000 1457 erunt3
1046 1407 1167 1447 tum⁵⁵
1202 1407 1235 1447 is
1265 1408 1333 1459 qui
1363 1406 1495 1446 minor
1524 1406 1595 1446 XX
1624 1419 1820 1448 annorum
1852 1408 1928 1448 erit

215 1476 267 1515 ita
288 1475 548 1525 manumittat,
577 1473 582 1530 Ι
610 1476 642 1515 si
663 1488 821 1516 causam
852 1475 1156 1516 manumittendi
1186 1475 1323 1515 iusta-'⁵⁶
1353 1488 1440 1515 esse
1470 1475 1502 1515 is
1525 1487 1715 1516 numerus
1744 1475 1926 1516 decurio·

215 1543 326 1591 num,
360 1556 429 1595 per
459 1555 575 1594 quem
605 1542 610 1596 Ι
638 1544 794 1584 decreta
826 1545 864 1584 h.
897 1545 922 1584 l.
952 1545 1051 1584 facta
1083 1549 1168 1583 rata
1197 1550 1304 1587 sunt,
1336 1543 1549 1586 censuerit.

271 1623 320 1662 R.
372 1623 436 1662 De
467 1630 692 1664 tutorum
724 1625 947 1664 datione.
975 1623 980 1679 Ι
1326 1601 1354 1676 s

328 1691 463 1731 XXlX.
524 1692 595 1732 Cui
624 1698 733 1732 tutor
764 1706 845 1732 non
878 1692 954 1733 erit
982 1692 1205 1732 incertusve
1236 1692 1329 1740 erit,
1368 1692 1401 1732 si
1433 1691 1465 1731 is
1502 1687 1691 1747 e[a]ve⁵⁶²
1721 1692 1928 1745 municeps

215 1760 407 1813 municipi
437 1760 543 1800 Flavi
574 1761 804 1814 Salpensani
847 1759 853 1816 Ι
895 1762 987 1810 erit,
1027 1767 1066 1800 et
1094 1761 1233 1813 pupilli
1265 1760 1485 1813 pupillaeve
1517 1773 1599 1800 non
1631 1767 1767 1810 erunt,
1810 1767 1849 1801 et
1878 1761 1927 1801 ab

216 1828 360 1878 llviris‚
400 1829 468 1880 qui
499 1829 524 1868 i.
556 1829 629 1871 d.²⁴
656 1829 725 1882 p.²⁵
756 1830 840 1869 eius
871 1829 1083 1881 municipi,
1124 1828 1413 1881 postullaverit‚
1452 1829 1510 1868 uti
1540 1827 1615 1869 sibi
1644 1834 1816 1869 tutorem
1847 1829 1926 1877 det,

215 1897 365 1946 ⁶⁷eum,
397 1909 515 1949 quem
547 1897 640 1938 dare
670 1898 785 1946 volet,
818 1897 1099 1937 nominaverit:
1138 1897 1230 1937 dum
1242 1897 1272 1919 ⁸⁸
1302 1897 1346 1946 is,
1374 1896 1379 1952 Ι
1407 1909 1429 1936 a
1460 1909 1539 1948 quo
1570 1897 1810 1949 postulatum
1841 1897 1926 1944 erit,

216 1966 296 2006 sive
318 1978 442 2006 unum
472 1966 552 2006 sive
574 1966 707 2018 plures
739 1966 911 2019 collegas
939 1964 1168 2015 habebit⁵⁸⁵,
1200 1967 1248 2006 de
1271 1966 1449 2006 omnium
1481 1963 1733 2022 collelgarum
1764 1972 1926 2007 senten-

216 2035 289 2082 tia,
330 2034 397 2085 qui
428 2040 513 2074 tum
544 2035 583 2074 in
617 2047 663 2074 eo
695 2034 914 2087 municipio
946 2034 1095 2074 intrave
1125 2035 1226 2075 fines
1256 2034 1446 2087 municipi
1485 2034 1569 2075 eius
1599 2033 1722 2084 erit⁵⁹,
1765 2031 1771 2089 Ι
1811 2047 1927 2076 causa

218 2103 388 2154 cognita,
421 2103 453 2143 si
484 2102 519 2142 ei
550 2102 758 2151 videbitur,
795 2114 885 2143 eum
917 2103 983 2154 qui
1017 2102 1243 2142 nominatus
1274 2103 1349 2143 erit
1377 2108 1549 2144 tutorem
1582 2104 1685 2143 dato.
1746 2102 1834 2143 Sive
1861 2101 1867 2158 Ι
1893 2103 1928 2143 is

217 2183 322 2218 eave,
368 2171 480 2211 cuius
513 2171 674 2210 nomine
713 2171 765 2210 ita
795 2171 1037 2223 postulatum
1067 2171 1160 2220 erit,
1205 2171 1329 2224 pupil.
1361 2171 1556 2224 pupillave
1588 2172 1680 2220 erit,
1719 2172 1799 2212 sive
1827 2172 1876 2232 is,
1904 2184 1927 2211 a

218 2251 296 2290 quo
340 2236 345 2293 Ι
384 2238 624 2291 postulatum
657 2239 749 2287 erit,
790 2252 871 2279 non
890 2238 1064 2287 ¹habebit
1095 2239 1404 2292 collegamque&
1444 2241 1527 2281 eius
1557 2241 1597 2280 in
1629 2253 1676 2281 eo
1708 2240 1926 2294 municipio

218 2308 371 2347 intrave
404 2305 411 2361 Ι
452 2307 552 2347 fines
582 2307 667 2347 eius
697 2307 888 2360 municipi
922 2320 1039 2348 nemo
1070 2308 1164 2348 erit:
1211 2307 1337 2348 cum⁶⁸
1367 2308 1411 2357 is,
1442 2320 1463 2348 a
1495 2321 1573 2360 quo
1603 2309 1656 2349 ita
1687 2308 1926 2362 postulatum

218 2376 306 2424 erit,
343 2387 459 2415 causa
490 2372 664 2430 colgnita
697 2375 737 2415 in
770 2375 908 2416 diebus
938 2375 971 2416 X
1001 2377 1205 2430 proxumis
1236 2389 1283 2416 ex
1313 2377 1472 2431 decreto
1505 2376 1782 2425 decurionum,
1818 2377 1926 2429 quod

219 2455 308 2484 cum
330 2443 430 2484 duae
451 2449 583 2496 partes
611 2441 616 2497 Ι
643 2444 903 2484 decurionum
936 2457 1017 2485 non
1048 2445 1182 2485 minus
1212 2444 1422 2485 adfuerint.
1440 2445 1586 2485 factum
1607 2445 1692 2492 erit,
1723 2457 1827 2494 eum,
1857 2445 1925 2498 qui

219 2511 444 2551 nominatus
470 2512 477 2562 Ι
504 2511 591 2560 erit,
622 2524 702 2564 quo
734 2525 785 2553 ne
815 2512 864 2552 ab
896 2513 998 2553 iusto
1030 2519 1161 2554 tutore
1181 2514 1301 2554 tutela
1331 2513 1522 2563 haheat⁶¹,
1554 2513 1588 2553 ei
1619 2518 1790 2553 tutorem
1821 2513 1925 2553 dato.

219 2578 294 2624 Qui
326 2585 435 2619 tutor
464 2580 502 2619 h.
534 2579 558 2619 l.
588 2577 592 2633 Ι
620 2580 733 2621 datus
763 2582 851 2631 erit,
882 2582 915 2622 is
946 2582 997 2630 ei,
1031 2582 1094 2622 cui
1124 2581 1237 2622 datus
1268 2582 1354 2632 erit,
1391 2595 1470 2635 quo
1501 2594 1553 2622 ne
1583 2580 1630 2620 ab
1661 2580 1763 2620 iusto
1794 2587 1926 2630 tutore

216 2647 338 2686 tutela
367 2647 559 2695 habeatffl,
598 2653 677 2688 tam
707 2649 834 2690 iustus
860 2648 866 2704 Ι
893 2656 1001 2690 tutor
1031 2655 1127 2698 esto,
1168 2662 1283 2702 quam
1316 2651 1348 2691 si
1378 2651 1410 2691 is
1441 2662 1474 2690 c.
1505 2649 1585 2689 ΒΡ
1623 2647 1702 2688 et⁶²
1731 2648 1926 2702 adgnatus

218 2727 433 2767 proxumus
463 2727 497 2755 c.
530 2715 575 2755 R.
607 2722 714 2757 tutor
744 2723 858 2758 esset.

334 2841 392 2882 48)
419 2840 535 2873 Insere
560 2845 594 2874 et
619 2840 709 2883 (nisi
727 2841 852 2883 potius
876 2841 1062 2874 delendum
1085 2843 1144 2886 q.).
1181 2859 1226 2867 -
1260 2843 1317 2883 49)
1343 2840 1420 2875 Ser.
1446 2843 1638 2884 quaestore.
1670 2858 1716 2866 -
1753 2842 1809 2883 50)
1833 2840 1925 2875 For-

220 2899 314 2929 tasse
329 2897 555 2930 inserendum
579 2897 660 2931 item
687 2897 925 2942 quaestoribus
950 2898 1039 2932 inter
1061 2908 1167 2933 se.—
1193 2900 1248 2940 51)
1274 2897 1350 2932 Ser.
1368 2895 1460 2941 quid,
1485 2905 1588 2940 quom
1610 2896 1684 2939 (vel
1698 2898 1815 2930 insero
1831 2901 1924 2941 post-

221 2954 345 2996 quam).
368 2972 414 2978 —-
438 2955 494 2996 52)
519 2953 598 2988 Ser.
623 2953 827 2989 libertatem.
851 2973 896 2979 —
921 2956 976 2997 53)
1002 2955 1122 2988 [more
1146 2964 1232 2989 esse.
1256 2972 1303 2979 —
1332 2954 1389 2995 54)
1413 2952 1491 2987 Sor.
1516 2956 1671 2996 optumo.
1695 2972 1741 2979 -
1765 2955 1822 2996 55)
1846 2953 1926 2988 Sor·

220 3007 311 3045 dum.
335 3028 381 3033 -
412 3011 469 3052 56)
494 3009 571 3044 Ser.
596 3011 731 3044 iustam.
756 3029 801 3034 —
827 3011 898 3052 56⁸)
924 3021 1024 3045 ereve
1048 3022 1118 3045 aas.
1141 3030 1188 3035 —
1218 3012 1275 3052 57)
1299 3005 1421 3043 'Insere
1443 3012 1488 3045 et.
1512 3028 1558 3034 —-
1589 3011 1646 3051 58)
1670 3010 1748 3045 Ser.
1773 3014 1856 3046 tum.
1878 3028 1926 3036 —

222 3066 295 3106 58¹)
321 3064 374 3104 Cf:
398 3065 605 3104 Hirschfeld
627 3067 691 3101 lat.
717 3066 828 3100 Recht
846 3078 883 3110 p.
898 3069 919 3101 4
943 3070 1015 3101 not.
1031 3069 1064 3101 6.
1088 3086 1133 3091 —
1169 3068 1226 3108 59)
1252 3066 1328 3100 Ser.
1353 3070 1462 3099 erunt.
1487 3084 1533 3090 —-
1565 3067 1622 3107 60)
1647 3066 1724 3101 Ser.
1743 3065 1924 3110 collegam,

221 3120 408 3164 collegave.
427 3140 472 3145 —
497 3123 553 3163 61)
570 3121 646 3156 Ser.
664 3122 776 3157 abeat.
819 3122 869 3163 Cfi
889 3123 1012 3157 Horat.
1029 3125 1096 3157 sat.
1110 3123 1143 3163 2,
1155 3124 1193 3164 3,
1205 3122 1283 3157 218.
1298 3140 1341 3146 —
1365 3122 1423 3164 62)
1439 3122 1608 3156 Fortasse
1624 3123 1742 3157 insero
1759 3122 1800 3157 ei.
