2092 3360
215 174 298 212 460
929 174 1047 218 caput
1069 174 1173 209 XIII.

215 288 433 331 tellegendus
449 290 500 319 est
515 297 588 319 non
604 286 801 329 Agrippae,
826 289 956 330 quippe
978 289 1041 330 qui
1060 288 1279 330 pertinuerit
1294 287 1343 320 ad
1356 288 1540 329 regionem
1554 290 1741 332 septimam
1757 301 1779 323 a
1795 290 1926 324 dextra

214 348 273 378 via
296 345 517 384 Flaminiae,
548 343 612 375 sed
638 344 714 385 ipse
746 353 891 385 campus
923 343 1088 376 Martius.
1145 342 1196 382 Cf.
1223 343 1404 377 Larte-iani
1434 343 1517 378 butt.
1542 354 1683 378 comun.
1706 345 1796 380 4885
1816 358 1853 390 p.
1872 349 1926 382 11.

329 433 442 480 5936
491 432 598 491 [imp.
634 431 799 490 CJaesar
829 431 1061 491 Augustu[s]
1101 433 1107 491 Ι
1149 448 1196 475 ex
1227 435 1379 488 privato
1410 437 1450 476 in
1482 435 1720 492 publicum)
1745 439 1926 490 restituit,

214 506 255 545 in
287 512 440 557 partem
472 504 648 543 dextram
680 509 787 543 recta
814 501 820 558 Ι
856 503 1020 554 regione
1050 504 1096 543 ad
1129 504 1297 556 proxim.
1331 504 1492 557 cippum
1519 502 1525 559 Ι
1552 506 1640 558 ped.
1663 505 1891 556 CLXXXII,
1916 506 1926 563 Ι

215 580 254 614 et
273 573 313 612 in
337 578 488 625 partem
510 571 708 611 sinistram
732 578 837 611 recta
866 570 871 625 Ι
898 572 1062 624 regione
1092 573 1139 612 ad
1168 574 1336 625 proxim.
1359 574 1520 626 cippum
1547 572 1553 628 Ι
1581 575 1670 626 ped.
1693 574 1927 617 CLXva.

330 639 461 673 Romae
496 639 544 671 ad
574 641 693 682 ripam
728 638 866 672 Tiberis
899 641 964 672 sub
994 640 1175 673 Aventino
1214 640 1286 683 (VI
1305 641 1395 674 4262
1432 641 1699 684 descripserunt
1730 652 1820 676 saec.
1844 643 1934 677 XVI

218 696 348 728 Knihbe
384 699 514 729 auctor
542 699 735 729 accuratus
763 697 926 739 aliique).
975 696 1155 730 similium
1185 698 1464 740 inscriptionum
1497 697 1650 731 duarum
1680 699 1856 742 reliquiae
1889 700 1930 733 in

215 753 389 796 Esquiliis
419 756 585 796 repertae
614 755 700 786 sunt
725 752 797 797 (VI
815 754 929 789 54572
946 771 991 784 =
1008 753 1100 787 Bull.
1126 754 1312 787 comunale
1336 754 1425 787 4888
1446 765 1482 797 p.
1497 753 1578 796 257,
1614 755 1704 790 4895
1724 766 1761 798 p.
1776 756 1854 798 28).
1884 774 1931 781 —

214 810 273 843 Ad
295 811 429 843 similes
463 811 710 843 restitutiones
745 799 1162 853 locorum'publicerum
1188 813 1372 853 pertinent
1399 813 1508 844 etiam
1537 813 1790 855 inscriptiones
1818 823 1930 856 supra

215 867 332 900 editae
354 866 400 901 Ν.
416 867 494 900 244.
509 868 576 900 249
583 880 596 909 ,·
620 867 668 900 ad
689 869 935 900 restitutiones
959 877 1134 910 agrorum
1158 878 1345 901 sacrorum
1369 866 1414 901 Ν.
1431 869 1538 902 5259.
1556 869 1659 903 5240.

330 958 443 1004 5937
491 960 535 1000 L.
565 960 805 1013 Calpurnius
835 961 938 1009 Piso,
966 958 972 1016 Ι
999 961 1049 1001 Μ.
1081 961 1247 1001 Sallvius
1274 957 1280 1014 Ι
1311 972 1372 1013 pr.
1404 962 1499 1001 aer.¹
1528 959 1534 1016 Ι
1560 961 1715 1002 aream²
1753 974 1803 1001 ex*
1830 974 1862 1002 s.
1894 974 1931 1004 c.

215 1041 236 1068 a
266 1029 427 1081 privatis
454 1026 460 1082 Ι
486 1028 644 1082 publica
676 1029 844 1081 pecunia
870 1028 876 1084 Ι
910 1029 1153 1082 redemptam
1184 1030 1435 1069 terminaver.

331 1107 474 1150 Romae,
505 1109 631 1151 cippus
654 1119 728 1152 rep.
758 1109 822 1141 sub
850 1108 1026 1151 Capitolio
1051 1108 1099 1141 ad
1123 1107 1157 1141 S.
1183 1107 1324 1141 Mariae
1350 1108 1612 1142 Consolationis
1637 1107 1709 1151 (VI
1728 1108 1818 1142 4263
1841 1108 1933 1141 vidit

216 1165 386 1207 Henzen).
422 1183 465 1189 —-
504 1166 538 1207 1)
561 1166 749 1198 Praetores
773 1167 913 1198 aerarii
943 1163 1096 1204 filerunt
1119 1166 1162 1197 ab
1187 1175 1221 1200 a.
1245 1165 1310 1200 754
1335 1175 1370 1200 u.
1397 1175 1426 1199 c.
1451 1165 1500 1198 ad
1523 1168 1681 1208 tempora
1707 1165 1862 1199 Claudii.
1885 1182 1935 1190 —-·

217 1223 251 1262 2)
274 1223 406 1254 Aream
432 1221 588 1255 Saturni
609 1222 816 1264 significari
836 1225 944 1265 putat
967 1223 1102 1255 Jordan
1129 1221 1213 1264 Top.
1238 1222 1269 1264 4,
1285 1222 1309 1255 2
1331 1233 1365 1264 p.
1381 1223 1458 1256 564.

331 1313 446 1360 5938
494 1314 564 1355 Cn.
587 1315 748 1356 Sentius
778 1316 1030 1363 Saturninus,
1058 1314 1065 1370 Ι
1106 1315 1147 1356 C.
1171 1316 1328 1357 Clodius
1357 1316 1521 1356 Licinus
1547 1313 1552 1371 Ι
1587 1317 1683 1356 cos.¹
1710 1315 1717 1369 Ι
1744 1315 1931 1356 termina-

217 1384 386 1424 verunt2
416 1384 546 1423 locum
574 1383 580 1438 Ι
608 1383 812 1436 publicum
845 1384 892 1424 ab
924 1384 1089 1437 privato.

332 1449 463 1483 Romae
498 1461 573 1494 rep.
610 1451 660 1483 ad
691 1455 845 1484 montem
879 1450 1085 1484 Testae-eum
1122 1450 1194 1495 (VJ
1214 1451 1300 1485 4264
1332 1451 1440 1484 semel
1462 1452 1641 1495 descripta
1664 1461 1756 1485 saec.
1780 1450 1932 1495 XVIII).

220 1507 357 1541 Similis
382 1509 518 1550 cippus,
540 1507 604 1540 sed
625 1508 665 1540 in
690 1518 759 1550 quo
784 1510 931 1541 nomina
957 1509 1143 1541 consulum
1167 1508 1241 1541 alio
1264 1509 1369 1542 modo
1395 1509 1569 1542 collocata
1593 1511 1690 1550 sunt,
1719 1509 1838 1541 nescio
1863 1518 1932 1551 quo

219 1564 295 1597 loco
320 1566 421 1597 urbis
444 1563 577 1597 Romae
599 1574 686 1606 rep.‚
711 1567 762 1597 est
786 1565 840 1598 VI
852 1565 953 1600 4265.
978 1584 1022 1590 -
1050 1567 1082 1608 1)
1109 1565 1276 1599 Consules
1300 1566 1443 1606 suffecti
1465 1564 1619 1605 fuerunt
1641 1576 1674 1598 a.
1689 1575 1726 1608 p.
1744 1564 1824 1599 Chr.
1840 1566 1871 1598 4.
1887 1583 1935 1589 --

218 1622 253 1662 2)
277 1621 503 1654 terminarunt
528 1623 652 1663 cippus
672 1622 846 1663 gemellus
871 1621 924 1655 VI
945 1622 1046 1655 4265.

333 1712 446 1758 5939
495 1715 540 1755 Τ.
573 1716 785 1762 Quinctius
817 1715 1023 1767 Crispinus
1059 1713 1066 1767 Ι
1100 1715 1366 1764 Valerianus¹‚
1400 1713 1405 1769 Ι
1445 1715 1484 1755 C.
1519 1715 1757 1768 Calpetanus
1786 1714 1934 1755 Statius

218 1783 379 1832 Rufus2‚
406 1782 411 1837 Ι
451 1783 492 1824 C.
525 1784 692 1824 Pontius
723 1779 1009 1839 P[a]elignus³‚
1042 1782 1047 1837 Ι
1084 1784 1125 1824 C.
1157 1784 1370 1824 Petronius
1401 1783 1629 1832 Umbrinus‚
1657 1780 1663 1837 Ι
1689 1782 1740 1822 Μ.
1771 1782 1935 1823 Crassus

219 1851 373 1904 Frugi⁴,
402 1849 408 1907 Ι
436 1858 639 1893 curatores
664 1854 671 1904 Ι
698 1853 821 1892 locor.
844 1851 1038 1903 publicor.
1062 1851 1276 1892 iudicand.⁶
1302 1849 1308 1906 Ι
1335 1863 1383 1891 ex
1413 1864 1445 1891 s.
1467 1863 1501 1891 c.
1523 1864 1639 1891 causa
1670 1850 1826 1904 cognita
1852 1849 1860 1904 Ι
1886 1862 1934 1890 ex

219 1920 372 1973 privato
403 1921 443 1960 iu
475 1921 623 1973 public.
655 1921 852 1961 restituer.

336 1987 465 2021 Romae
488 1990 528 2020 in
552 1988 731 2020 Aventino
756 1998 830 2030 rep.
855 1988 991 2019 circum
1013 1988 1212 2020 mawr’mnm
1236 1997 1359 2019 versus
1382 1985 1553 2031 (V14266
1577 1985 1669 2019 vidit
1692 1985 1935 2030 Smetius).—

221 2046 254 2087 1)
281 2045 414 2078 Consul
434 2045 517 2086 suffl
542 2055 574 2078 a.
597 2055 634 2088 p.
661 2044 741 2079 Chr.
758 2044 782 2078 2
806 2042 871 2085 (cf.
894 2054 1005 2086 supra
1030 2042 1075 2077 N.
1091 2043 1210 2088 5026).
1227 2063 1270 2067 -
1289 2044 1323 2085 2)
1350 2042 1402 2083 Cf.
1426 2041 1538 2086 supra
1561 2041 1607 2077 N.
1623 2043 1728 2077 3923.
1750 2062 1796 2067 —-
1819 2044 1852 2084 3)
1877 2040 1933 2083 Cf.

219 2112 333 2144 supra
358 2101 402 2135 N.
426 2103 505 2137 942.
529 2121 573 2127 -
610 2104 644 2145 4)
677 2102 809 2136 Consul
832 2112 864 2134 a.
886 2112 923 2144 p.
949 2101 1029 2136 Clzr.
1054 2101 1100 2134 27
1125 2100 1189 2141 (cll
1213 2111 1325 2143 supra
1348 2099 1395 2134 N.
1410 2099 1505 2144 954).
1536 2118 1581 2123 -
1617 2101 1650 2142 5)
1672 2099 1727 2132 De
1751 2100 1807 2133 his
1829 2109 1934 2132 cura-

222 2159 361 2191 toribus
386 2158 433 2198 ef'.
459 2158 652 2191 Mommsen
676 2158 829 2192 Staatsr.
855 2157 913 2191 11³
932 2169 968 2201 p.
984 2159 1054 2192 995
1078 2161 1151 2191 not.
1167 2159 1198 2191 4.

335 2249 451 2296 5940
500 2251 543 2291 L.
575 2252 775 2304 Asprenas
787 2253 812 2300 ¹,
840 2249 846 2306 Ι
873 2251 916 2291 Ρ.
951 2251 1137 2291 Viriasius
1171 2251 1273 2291 Naso
1310 2257 1359 2290 tr.
1391 2249 1474 2303 pl.²‚
1502 2246 1508 2303 Ι
1535 2249 1587 2288 Μ.
1618 2247 1808 2289 Caecilius
1836 2247 1934 2288 Cor-

221 2320 375 2369 nutus³,
401 2318 408 2375 Ι
435 2319 480 2360 L.
512 2319 735 2360 Volusenus
764 2319 962 2368 Catulus⁴,
995 2318 1001 2374 Ι
1031 2320 1071 2359 P.
1103 2319 1280 2359 Licinius
1310 2318 1420 2358 Stolo
1434 2317 1459 2366 ⁵,
1487 2314 1494 2372 Ι
1521 2322 1724 2357 curatores
1752 2317 1933 2363 locorum

220 2389 473 2443 publicorum
501 2385 507 2442 Ι
533 2388 837 2428 iudicandorum
867 2401 915 2427 ex
945 2401 977 2428 s.
999 2399 1034 2427 c.
1066 2400 1113 2427 ex
1143 2387 1293 2439 privato
1320 2383 1326 2440 Ι
1353 2386 1393 2426 in
1427 2385 1629 2439 publicum
1659 2383 1937 2425 restituerunt.

337 2467 470 2501 Romae
493 2477 567 2510 rep.
592 2468 632 2500 in
656 2469 715 2500 via
732 2466 922 2500 Merulana
945 2477 1058 2510 prope
1081 2468 1283 2508 ingressum
1305 2464 1415 2498 villae
1431 2465 1655 2498 Iustinianae
1677 2461 1874 2507 (7151575
1887 2477 1933 2490 ==

223 2525 317 2559 Bull.
341 2524 527 2558 comunale
551 2524 639 2558 4885
661 2535 695 2567 p.
712 2524 755 2557 97
777 2523 870 2556 vidit
893 2521 1146 2567 Lancianins).
1207 2522 1310 2566 Cippi
1344 2522 1466 2555 eadem
1500 2521 1732 2563 inscriptione
1766 2519 1935 2563 inscripti

219 2585 409 2624 praeterea
446 2581 513 2614 alii
545 2581 616 2614 duo
646 2580 867 2623 prodierunt
901 2579 973 2625 (VI
996 2580 1083 2614 4267
1091 2579 1165 2624 ⁸¹³).
1202 2598 1244 2603 —
1287 2577 1321 2623 1)
1354 2578 1394 2612 L.
1418 2577 1561 2611 Nonius
1594 2575 1775 2619 Asprenas
1809 2576 1937 2610 consul

222 2639 307 2680 suff.
333 2650 366 2672 a.
386 2649 424 2681 p.
444 2638 525 2673 Chr.
542 2640 563 2672 6
588 2639 715 2681 (supra
732 2636 776 2671 N.
795 2637 857 2671 454
874 2640 949 2673 not.
962 2637 1006 2678 3,·
1029 2636 1075 2671 Ν.
1090 2636 1188 2680 927).
1207 2655 1250 2660 -
1276 2637 1310 2678 2)
1333 2633 1532 2669 Proconsul
1555 2632 1677 2667 Cretae
1700 2633 1797 2665 inter
1820 2642 1934 2666 annos
1954 2681 1956 2683 q

221 2695 266 2729 54
285 2699 319 2727 et
334 2696 379 2730 37
405 2697 537 2738 (supra
565 2693 609 2729 N.
628 2695 723 2737 458).
747 2714 788 2719 -
817 2694 850 2736 3)
876 2695 918 2728 Α.
931 2705 972 2740 p.
993 2694 1074 2728 Chr.
1090 2695 1135 2727 24
1158 2695 1269 2736 periit
1287 2694 1496 2735 praetorius
1519 2688 1622 2734 (Tac.
1640 2698 1724 2722 ann.
1738 2689 1770 2729 4,
1786 2688 1864 2733 28).
1888 2707 1934 2714 -

222 2753 258 2794 4)
284 2752 380 2784 Idem
405 2756 446 2785 ut
467 2753 613 2785 videtur
635 2763 746 2795 supra
770 2750 816 2786 N.
833 2753 937 2793 5895,
967 2752 1030 2784 uhi
1054 2750 1076 2783 f.
1103 2750 1266 2783 additum
1290 2748 1340 2781 ad
1362 2746 1655 2789 distinguendum
1679 2755 1759 2778 eum
1783 2755 1807 2779 a
1827 2749 1937 2789 patre

224 2810 437 2851 cognomine
469 2811 577 2843 etiam
603 2812 677 2842 tum
702 2811 793 2843 vivo.
844 2807 899 2848 Cf.
926 2811 1118 2851 praeterea
1143 2806 1264 2848 Quint.
1288 2807 1370 2838 inst.
1394 2804 1446 2846 40,
1471 2803 1501 2845 4,
1525 2802 1576 2837 24.
1615 2821 1659 2826 -
1700 2803 1732 2844 5)
1763 2802 1934 2835 Fortasse

223 2864 323 2904 filius
352 2865 390 2897 P.
415 2865 552 2898 Licinii
582 2865 740 2899 Stolonis
769 2866 955 2898 triumviri
984 2863 1173 2898 monetalis
1205 2864 1302 2896 circa
1333 2872 1365 2894 a.
1396 2871 1432 2894 u.
1465 2870 1494 2893 c.
1516 2859 1584 2894 759
1614 2858 1790 2902 (Momms.
1813 2857 1936 2895 noem.

223 2921 380 2955 Miinzw.
399 2932 436 2964 p.
459 2921 551 2966 744).

337 2983 447 3058 5941
498 3014 543 3053 L.
574 2982 790 3066 Asprenas,
816 3013 824 3066 Ι
859 3013 911 3053 Μ.
942 2982 1133 3053 caecilius
1163 3005 1411 3065 Cornutu[s]‚
1445 3004 1452 3062 Ι
1487 3007 1528 3050 L.
1562 3006 1786 3048 Volusenus
1815 3006 1932 3048 Catu-

225 3080 304 3129 lus,
346 3079 352 3134 Ι
394 3082 436 3120 Ρ.
470 3081 645 3121 Licinius
675 3081 807 3128 Stolo,
848 3080 855 3133 Ι
897 3080 937 3120 C.
971 3079 1136 3119 Pontius
1175 3076 1423 3130 Paelignus¹.
1465 3072 1472 3128 Ι
1512 3080 1715 3115 curatores
1751 3075 1934 3127 locorum
