2092 3360
254 148 336 186 506
973 147 1094 193 Caput
1117 146 1236 182 XIIII.

253 260 377 312 60871
413 263 553 303 itinera
583 274 655 314 per
677 274 744 301 eos
775 258 907 316 algros
936 267 1032 301 sunt
1062 267 1181 302 erunt
1211 258 1471 310 fueruntve⁷⁵‚
1502 274 1570 302 eae
1597 263 1681 303 viae
1711 264 1826 316 eique
1851 263 1956 304 limi-

251 337 309 372 tes
336 329 343 384 Ι
376 342 500 382 eaque
530 330 671 369 itinera
702 329 859 382 publica
889 335 1021 369 sunto.

363 396 531 438 LXXIX.
591 397 668 444 Qui
700 397 791 437 fluvi
821 397 892 437 rivi
923 398 1054 438 fontes
1085 397 1192 438 lacus
1227 410 1352 449 aquae
1385 404 1523 451 stagna
1553 398 1717 452 paludes
1750 397 1757 453 Ι
1791 405 1884 440 sunt
1914 401 1954 441 in

250 478 357 518 agro,
397 466 464 517 qui
496 463 662 505 colon.⁷⁶
692 462 880 522 h[ui]usc.
911 465 1042 505 colon.
1073 465 1217 506 divisus
1252 463 1267 521 ΙΙ
1305 467 1390 515 erit,
1430 467 1477 507 ad
1508 480 1576 508 eos
1605 467 1709 508 rivos
1739 468 1868 508 fontes
1897 467 1954 508 la·

248 547 318 574 cus
347 546 547 586 aquasque
560 531 591 552 ⁷⁷
628 531 778 588 stalgna
808 534 971 586 paludes
1009 533 1087 574 itus
1116 540 1226 574 actus
1255 546 1380 586 aquae
1409 535 1572 576 haustus
1610 535 1657 576 iis
1686 535 1779 576 item
1813 537 1820 587 Ι
1855 541 1952 585 esto,

248 603 315 654 qui
354 614 443 642 eum
479 614 618 655 agrum
655 602 860 642 habebunt
898 601 1178 655 possidebunt,
1220 603 1275 642 uti
1315 602 1321 656 Ι
1364 603 1409 644 iis
1448 603 1539 653 fuit,
1579 604 1647 656 qui
1686 616 1775 644 eum
1815 615 1953 655 agrum

248 670 472 710 babuerunt
507 670 783 723 possederunt.
825 668 830 725 Ι
872 670 1048 722 Itemque
1079 670 1138 718 iis,
1180 671 1246 723 qui
1277 683 1366 710 eum
1398 683 1535 723 agrum
1565 672 1713 712 habent
1750 672 1954 724 possident

246 735 467 794 halbebunt
497 738 770 791 possidebunt,
802 739 955 779 itineris
986 751 1178 791 aquarum
1209 739 1270 779 lex
1301 737 1454 795 iuslque
1485 746 1582 781 esto.

361 806 508 847 LXXX.
569 807 675 854 Quot
705 807 848 860 cuique
884 807 1033 860 negotii
1067 807 1223 860 publice
1262 808 1302 848 in
1335 809 1465 849 colon.
1497 809 1544 849 de
1575 809 1710 849 decur.
1741 806 1951 864 senltentia

245 876 377 915 datum
399 876 485 924 erit,
517 875 549 916 is
571 876 634 916 cui
657 876 860 928 negotium
891 876 1023 915 datum
1055 876 1130 915 erit
1161 873 1257 930 elius
1288 877 1345 917 rei
1367 877 1563 917 rationem
1594 877 1838 917 decurionib.
1859 877 1950 918 red-

245 945 324 984 dito
363 941 602 998 refertolque
642 945 682 984 in
724 944 826 984 dieb.
859 944 918 985 CL
958 942 1204 997 proxumis⁷⁸
1242 945 1271 985 it
1310 946 1514 997 negotium
1554 945 1773 986 confecerit
1813 944 1819 1000 Ι
1860 947 1949 998 qui·

245 1014 364 1054 busve
395 1013 426 1052 it
457 1013 658 1064 negotium
689 1025 829 1065 gerere
859 1013 1031 1062 desierit,
1062 1019 1159 1066 quot
1189 1014 1273 1054 eius
1300 1011 1306 1068 Ι
1335 1014 1418 1054 fieri
1448 1013 1595 1066 poterit
1623 1027 1654 1054 s.
1686 1014 1723 1054 d.
1756 1012 1842 1054 m.⁷³

357 1080 523 1121 LXXXI.
585 1081 834 1134 Quicumque
856 1070 969 1121 Tlvir.
1000 1082 1132 1121 aed.ve
1164 1082 1294 1122 colon.
1328 1081 1398 1122 Iul.
1430 1089 1559 1132 erunt,
1600 1083 1626 1123 ii
1656 1082 1795 1124 scribis
1820 1082 1826 1138 Ι
1854 1083 1948 1131 suis,

242 1150 310 1202 qui
349 1150 560 1202 pecuniam
599 1149 796 1203 publicam
835 1149 1149 1202 colonorumque
1190 1147 1195 1204 Ι
1237 1150 1410 1191 rationes
1448 1151 1672 1205 scripturus
1710 1151 1797 1200 erit,
1836 1157 1948 1192 ante·

241 1231 359 1270 quam
390 1218 542 1258 tabulas
575 1218 582 1273 Ι
614 1218 792 1271 publicas
821 1218 968 1259 scribet
996 1223 1196 1272 tractetve,
1233 1219 1273 1259 in
1305 1219 1493 1260 contione
1529 1220 1656 1272 palam
1688 1218 1694 1274 Ι
1733 1220 1811 1260 luci
1842 1232 1947 1261 nun-

242 1287 345 1327 dinis
376 1287 414 1326 in
448 1288 579 1327 forum
608 1287 669 1328 ius
700 1286 910 1327 iurandum
941 1284 1140 1341 adigi1t0⁷⁹
1179 1300 1251 1340 per
1282 1287 1411 1328 Iovem
1441 1288 1617 1340 deosque
1646 1289 1816 1329 Penates
1842 1283 1946 1329 ‘sese

235 1349 462 1407 ‘pecuniam
496 1353 708 1411 pulblicam
749 1355 833 1395 eius
863 1354 994 1395 colon.
1026 1356 1393 1396 concustoditurum
1432 1354 1696 1411 rationeslque
1734 1368 1846 1397 veras
1876 1356 1946 1396 ha-

236 1418 429 1464 ‘biturum
460 1437 558 1472 esse,
589 1437 628 1463 u.
651 1437 687 1476 q.
711 1437 742 1463 r.
775 1425 801 1464 f.
834 1437 867 1464 e.
889 1422 958 1464 V.⁸⁰
987 1438 1017 1464 s.
1040 1424 1074 1467 d.
1103 1421 1201 1473 m.⁷³‚
1235 1420 1380 1479 nelque
1411 1437 1453 1464 se
1483 1424 1661 1465 fraudem
1693 1436 1766 1477 per
1795 1425 1945 1464 litteras

232 1487 450 1532 ‘facturum
482 1505 566 1532 esse
596 1504 650 1532 sc.
682 1492 718 1532 d.
750 1491 857 1532 m.'⁸¹
915 1492 979 1532 Uti
1010 1493 1178 1544 quisque
1208 1492 1337 1532 scriba
1369 1493 1421 1532 ita
1451 1492 1649 1541 iuraverit,
1684 1493 1724 1532 in
1755 1492 1907 1533 tabulas
1933 1490 1941 1547 Ι

238 1560 416 1612 publicas
446 1561 642 1600 referatur
670 1560 800 1602 facito.
861 1560 936 1607 Qui
967 1560 1019 1600 ita
1059 1573 1138 1600 non
1171 1558 1387 1615 iuravelrit,
1428 1561 1460 1600 is
1491 1560 1641 1601 tabulas
1681 1559 1860 1612 publicas
1891 1573 1943 1600 ne

237 1628 399 1669 scribito
434 1641 529 1669 neve
560 1641 625 1669 aes
653 1627 658 1683 Ι
684 1629 964 1682 apparitorium
996 1629 1297 1681 mercedemque
1328 1629 1379 1669 ob
1411 1642 1445 1669 e.
1476 1626 1545 1672 r.⁸²
1574 1628 1717 1681 kapito.
1748 1626 1755 1682 Ι
1782 1628 1859 1676 Qui
1879 1629 1941 1669 ius

237 1697 446 1737 iurandum
487 1710 567 1737 non
600 1696 792 1748 adegerit,
839 1697 873 1737 ei
906 1697 968 1737 HS
999 1697 1061 1736 Iao
1100 1694 1305 1752 mulltae⁸³
1340 1703 1436 1745 esto,
1483 1698 1606 1750 eiusq.
1644 1697 1838 1750 pecuniae
1875 1697 1940 1737 cui

236 1765 338 1805 volet
368 1765 504 1817 petitio
537 1761 776 1819 perlsecutio
808 1777 855 1804 ex
885 1764 923 1804 h.
953 1765 978 1804 l.
1009 1773 1106 1805 esto.

346 1832 533 1872 LXXXII.
593 1833 670 1880 Qui
708 1834 790 1885 agri
830 1845 1010 1885 quaeque
1050 1833 1167 1873 silvae
1203 1846 1345 1886 quaeq.
1384 1834 1560 1874 aedificia
1598 1845 1631 1873 c.
1671 1845 1705 1873 c.
1747 1832 1792 1873 G.
1821 1829 1933 1888 I.⁵⁷‚}

234 1901 378 1954 quibus
407 1901 566 1954 publice
597 1907 770 1950 utantur,
802 1901 889 1941 data
920 1901 1116 1942 adtributa
1148 1900 1289 1957 elrunt‚
1322 1914 1372 1942 ne
1392 1903 1481 1954 quis
1510 1914 1578 1942 eos
1599 1914 1715 1954 agros
1745 1913 1843 1942 neve
1872 1914 1938 1941 eas

233 1970 346 2010 silvas
377 1970 544 2023 venldito
576 1982 674 2009 neve
705 1970 834 2009 locato
864 1970 1023 2022 longius
1053 1983 1171 2022 quam
1202 1971 1242 2010 in
1275 1971 1624 2024 quinquenlnium‚
1664 1982 1763 2010 neve
1791 1969 1839 2010 ad
1869 1969 1939 2010 de-

234 2039 418 2078 curiones
448 2039 594 2078 referto
633 2051 731 2078 neve
762 2038 1035 2091 deculrionum
1067 2039 1293 2079 consultum
1323 2039 1455 2087 facito,
1495 2051 1573 2091 quo
1604 2039 1640 2079 ei
1670 2038 1754 2092 agri
1788 2050 1903 2078 eaeve
1930 2041 1939 2088 Ι

233 2107 348 2147 silvae
380 2113 551 2147 veneant
591 2107 749 2147 aliterve
780 2107 977 2147 locentur.
1036 2107 1141 2147 Neve
1171 2107 1203 2147 si
1234 2107 1457 2160 velnierint‚
1496 2107 1633 2147 itcirco
1664 2107 1797 2147 minus
1825 2119 1861 2148 c.
1893 2105 1940 2146 G.

235 2172 341 2217 1ι11.27
371 2181 502 2215 sunto.
545 2173 699 2227 Quique
722 2175 768 2215 iis
795 2173 800 2228 Ι
828 2174 947 2215 rebus
967 2171 1189 2232 fruc[t]us⁸⁴
1210 2177 1295 2223 erit,
1327 2183 1425 2228 quot
1445 2188 1486 2216 se
1508 2175 1647 2215 emisse
1668 2175 1782 2223 dicat,
1811 2174 1845 2215 is
1865 2174 1904 2214 in
1926 2171 1935 2229 Ι

234 2243 322 2295 iuga
352 2243 453 2295 sing.
484 2242 605 2295 inque
636 2256 763 2283 annos
793 2243 894 2295 sing.
927 2243 990 2283 HS
1013 2242 1080 2284 (3⁸⁵
1110 2257 1144 2284 c.
1166 2257 1199 2284 c.
1222 2244 1268 2284 G.
1290 2242 1396 2284 lul.⁵⁷
1425 2244 1462 2284 d.
1494 2241 1567 2284 d.⁵⁹
1602 2241 1618 2298 ΙΙ
1653 2240 1755 2299 [estm
1785 2245 1938 2296 eiusque

230 2313 413 2364 pecuniae
443 2314 507 2351 cui
534 2310 637 2352 volet
661 2314 796 2363 petitio
823 2314 1107 2365 persecutioque
1135 2324 1185 2352 em
1213 2312 1282 2352 hac
1312 2311 1389 2365 leye
1420 2309 1524 2368 esta]

296 2390 422 2430 (Deest
446 2390 587 2430 tabula,
611 2390 668 2422 vel
689 2392 811 2432 potius
836 2390 979 2423 tabulae
1000 2402 1087 2434 pars
1111 2391 1274 2434 dimidia,
1303 2402 1394 2434 quae
1418 2392 1622 2424 continebat
1644 2392 1762 2433 capita
1788 2389 1877 2432 logis

687 2448 730 2479 ab
757 2450 968 2490 octogesimo
995 2450 1102 2481 tertio
1127 2448 1176 2481 ad
1196 2447 1495 2492 nonagesimum.)

355 2512 475 2572 [XCI.
529 2515 575 2556 Sa·
602 2520 687 2570 quis
717 2528 766 2556 ex
795 2516 863 2556 hac
893 2516 970 2569 leye
999 2518 1152 2558 decurio
1182 2529 1309 2569 auyur
1334 2517 1516 2570 pontifeoe
1544 2515 1712 2557 coloniae
1736 2514 1936 2556 Genetivae

233 2582 355 2624 Iuliae
383 2585 510 2637 factus
540 2581 746 2641 creatusve]
784 2586 875 2633 erit,
914 2591 998 2625 tum
1030 2586 1270 2638 quicumque
1301 2586 1461 2626 decurio
1497 2596 1624 2637 augur
1652 2583 1829 2636 pontifex
1861 2583 1935 2624 hu-

233 2652 373 2704 iusque
401 2650 405 2707 Ι
433 2653 508 2693 col.
534 2652 777 2693 domicilium
808 2653 848 2693 in
880 2665 923 2692 ea
955 2653 1029 2693 col.
1062 2654 1207 2707 oppido
1237 2654 1449 2707 propiusve
1477 2654 1507 2693 it
1537 2651 1726 2704 oppidum
1756 2664 1795 2703 p.
1824 2648 1932 2705 00⁸⁶}

235 2732 315 2759 non
346 2720 504 2760 habebit
533 2721 648 2761 annis
668 2721 699 2759 V
727 2721 943 2774 proxumis,
976 2721 1081 2761 unde
1110 2721 1256 2774 pignus
1287 2723 1371 2762 eius
1395 2727 1491 2774 quot
1510 2720 1602 2761 satis
1628 2717 1634 2773 Ι
1661 2719 1711 2759 sit
1730 2719 1818 2772 capi
1839 2732 1935 2772 pos-

346 2846 402 2886 75)
425 2844 596 2877 Fortasse
617 2855 686 2878 scr.
712 2845 838 2889 quique
855 2845 980 2879 limites
1006 2855 1065 2889 per
1082 2855 1142 2879 eos
1165 2855 1265 2888 agros
1290 2848 1369 2878 sunt
1385 2847 1483 2878 erunt
1500 2842 1703 2884 (Momm-sd.
1720 2862 1765 2867 —
1790 2844 1846 2885 76)
1872 2842 1935 2877 Co-

233 2899 335 2933 lonis.
366 2919 407 2925 —
442 2903 496 2941 77)
523 2901 598 2936 Ser.
623 2911 742 2945 aquas.
772 2921 816 2927 —
848 2904 904 2944 78)
935 2902 1055 2935 Insere
1079 2901 1215 2946 quibus.
1245 2919 1290 2925 —
1321 2900 1377 2942 79)
1406 2899 1460 2932 De
1482 2909 1523 2931 re
1553 2896 1600 2938 οΙὶ
1625 2897 1819 2933 Mommsen
1842 2899 1934 2943 ΕρΙι.

232 2967 285 2998 ep.
299 2958 325 2991 5
344 2957 468 2999 p.408.
494 2977 536 2982 —
560 2959 616 3000 80)
643 2958 703 2994 Uei
726 2959 822 3002 quod
844 2962 938 2991 reete
953 2958 1091 2998 factum
1111 2968 1183 2990 esse
1206 2956 1307 2991 volet.
1323 2974 1370 2980 —
1394 2956 1450 2997 81)
1475 2954 1651 2988 Scientem
1668 2955 1749 2988 dolo
1767 2956 1873 2990 malo.
1889 2975 1934 2981 —

232 3014 287 3055 82)
311 3014 402 3046 Eam
425 3026 510 3049 rem.
536 3034 578 3039 -—
604 3015 660 3056 83)
686 3015 762 3049 Ser.
787 3015 905 3050 multa.
930 3035 974 3040 —
997 3017 1053 3055 84)
1078 3014 1205 3048 sruclus
1229 3024 1298 3048 aes.
1323 3031 1368 3037 —
1390 3013 1445 3053 85)
1472 3010 1629 3045 Centum.
1652 3031 1694 3037 —
1725 3013 1781 3055 86)
1806 3013 1934 3046 Passus

231 3069 337 3103 mille.
383 3071 438 3102 De
460 3081 500 3103 re
523 3070 570 3110 esi
597 3071 787 3104 Mommsen
812 3071 901 3114 Eph.
919 3081 971 3113 ep.
987 3072 1010 3103 2
1031 3081 1069 3113 p.
1085 3070 1160 3104 454.
