2092 3360
308 171 388 210 606
1035 170 1154 215 Caput
1177 169 1297 205 XIIII.

421 284 540 331 6468
590 285 654 326 Μ’.
677 284 860 336 Megonio
882 284 946 324 Μ’.
969 284 994 324 f.
1023 281 1029 340 Ι
1056 282 1118 327 M'.
1145 297 1183 324 n.
1200 283 1263 324 Μ’.
1287 297 1404 337 pron.
1422 284 1510 325 Cor.
1540 283 1545 338 Ι
1574 284 1698 325 Leoni
1726 283 1731 339 Ι
1757 285 1857 333 aed„
1876 285 2022 326 llllvir.

305 356 382 408 leg.
415 354 532 402 Cor.¹‚
576 351 581 407 Ι
624 366 663 405 q.
694 366 734 406 p.
766 353 835 406 p.²,
883 357 1053 405 patrono
1086 352 1330 405 mulnicipii,
1376 352 1518 393 lllIvir.
1557 365 1594 405 q.
1626 365 1684 405 q.,
1727 350 1733 406 Ι
1773 354 2023 403 decuriones,

304 420 555 477 Augusltales
596 421 848 474 populusque
890 418 896 475 Ι
940 433 987 460 ex
1025 432 1116 460 aere
1156 420 1300 460 conlat.
1339 418 1347 476 Ι
1387 421 1437 461 ob
1476 421 1616 462 merita
1654 421 1770 462 eius.⁸.
1811 431 1872 476 (ιη
1896 432 2022 478 latere)

414 491 546 543 Kaput
568 502 616 530 ex
636 494 889 530 testamento.
931 488 1002 528 Rei
1031 501 1071 541 p.
1092 488 1340 542 municipum
1371 502 1571 539 meorum,
1607 489 1641 530 si
1672 490 1765 530 mihi
1795 495 1922 531 statua
1953 503 2024 544 pe·
2080 530 2082 535 ,

305 559 462 607 destris,
499 556 505 611 Ι
539 558 578 598 in
612 559 699 598 foro
730 558 949 611 superiore,
988 556 1095 597 solea
1125 556 1298 609 lapidea,
1330 557 1414 598 basi
1446 570 1681 607 marmorea,
1721 558 1767 598 ad
1799 558 2024 611 exemplum
2090 599 2092 601 ,

304 627 409 667 basis
444 624 450 681 Ι
486 639 604 678 quam
637 626 733 666 mihi
765 625 1024 679 Augustales⁴
1063 632 1287 678 posuerunt
1324 639 1451 679 prope
1491 639 1578 667 eam
1617 639 1735 679 quam
1766 626 1861 667 mibi
1891 627 2023 668 muni-

304 695 412 747 cipes
453 691 458 749 Ι
499 693 549 747 (5)
572 694 830 747 posuerunt⁶,
861 694 989 747 posita
1020 694 1151 743 fuerit,
1184 684 1300 735 &SE
1322 697 1371 735 [ᾗ.
1391 695 1461 744 1‘1.⁶,
1486 707 1594 758 ffllae
1623 695 1680 735 eis
1709 707 1773 735 me
1793 695 1878 735 vivo
1908 695 2024 748 polli-
2082 735 2084 741 ,

304 763 408 803 citus
437 775 546 811 sum,
579 763 663 803 dari
693 763 795 803 volo.
837 760 842 817 Ι
883 763 939 803 Ea
970 769 1101 803 autem
1132 764 1368 804 condicione
1404 762 1473 804 Hs
1494 764 1523 805 C
1546 765 1598 805 n'i.
1618 763 1673 804 12⁰
1693 775 1731 815 q.
1753 776 1784 804 s.
1806 776 1836 807 5.
1860 763 1910 805 s.⁷
1937 764 2023 804 dari

302 831 392 871 volo
435 836 478 871 ut
508 843 556 871 ex
587 832 721 872 usuris
760 831 991 872 semissibus
1029 831 1037 885 Ι
1078 831 1162 873 eius
1192 832 1386 885 pecuniae
1416 832 1604 873 omnibus
1641 832 1758 872 annis
1791 832 1854 872 die
1884 832 2024 874 natalis
2080 863 2082 865 -

304 900 403 948 mei,
450 900 517 951 qui
562 907 622 940 est
659 900 694 940 X
724 900 799 940 kal.
830 900 975 954 April„
1017 899 1023 954 Ι
1064 899 1290 941 distributio
1331 901 1398 941 fiat
1441 900 1724 942 decurionibus
1769 900 2023 954 epulantibus

306 968 342 1008 X
374 967 484 1016 CCC,
525 968 696 1008 deducto
728 981 775 1008 ex
805 966 906 1024 his⁸l
949 975 1110 1021 sumptu
1142 969 1364 1020 strationis;
1403 969 1547 1021 reliqui
1576 969 1681 1010 inter
1712 980 1780 1010 eos
1810 969 1879 1022 qui
1908 981 2023 1022 prae-

302 1042 437 1077 sentes
480 1048 523 1076 ea
562 1036 661 1077 hora
704 1043 823 1078 erunt
863 1039 869 1088 Ι
911 1037 978 1090 (10)
1008 1037 1241 1077 dividantur.
1301 1037 1398 1077 Item
1430 1037 1709 1090 Augustalibus
1747 1037 1882 1077 eadem
1924 1049 2022 1078 con-

303 1104 464 1144 dicione
494 1103 530 1143 X
551 1103 612 1144 CL
644 1105 727 1145 dari
748 1105 835 1145 volo
864 1103 869 1159 Ι
896 1111 935 1145 et
967 1105 1236 1158 municipibus
1257 1105 1444 1146 Petelinis
1475 1106 1684 1158 utriusque
1704 1117 1822 1146 sexus
1843 1118 1892 1146 ex
1913 1117 2022 1146 more

303 1172 379 1213 loci
424 1171 508 1213 XI
549 1170 751 1228 omlnibus
790 1174 906 1214 annis
947 1174 1030 1214 dari
1067 1173 1174 1223 volo,
1218 1174 1312 1214 item
1348 1174 1390 1214 in
1422 1187 1519 1214 cena
1556 1173 1811 1228 parentalicia
1849 1173 1885 1214 Χ
1913 1173 1944 1214 L
1984 1179 2024 1214 et

303 1242 379 1281 hoc
406 1239 414 1291 Ι
439 1241 611 1293 amplius
642 1247 845 1295 sumptum
876 1242 1038 1291 hostiae,
1077 1247 1198 1295 prout
1226 1242 1370 1282 locatio
1402 1241 1576 1295 publica⁸
1606 1243 1738 1292 fuerit,
1769 1243 1853 1283 dari
1884 1242 1984 1283 volo.
2011 1239 2020 1297 Ι

404 1313 435 1350 Α
456 1309 582 1359 vobis,
616 1311 754 1363 optimi
775 1311 1012 1364 municipes,
1045 1318 1136 1364 peto
1159 1318 1198 1351 et
1219 1323 1316 1363 rogo
1348 1324 1421 1364 per
1441 1311 1607 1352 salutem
1628 1311 1879 1352 sacratissimi
1909 1311 2022 1364 prin-
2072 1342 2074 1344 ψ

304 1378 403 1430 cipis
429 1376 435 1432 Ι
462 1378 529 1430 (15)
546 1379 741 1418 Antonini
763 1379 929 1430 Augusti
951 1379 1009 1419 Pii
1039 1379 1339 1431 liberorumque
1360 1379 1456 1427 eius,
1487 1379 1591 1419 hanc
1621 1379 1862 1420 voluntatem
1893 1391 2020 1419 meam

303 1452 342 1486 et
366 1445 678 1501 dis[positionem
709 1454 833 1486 ratam
857 1454 1171 1500 perpetuamque
1192 1447 1382 1496 babeatis,
1411 1453 1620 1500 totumque
1650 1447 1727 1488 hoc
1748 1454 1870 1501 caput
1890 1445 2020 1503 teslta-

302 1514 429 1554 menti
468 1514 546 1554 mei
579 1514 661 1555 basi
702 1521 854 1555 statuae
892 1516 1105 1567 pedestris,
1145 1527 1261 1567 quam
1303 1527 1421 1568 supra
1459 1528 1480 1556 a
1513 1529 1579 1556 vos
1597 1519 1681 1566 (sic)
1713 1516 1814 1569 peti,
1853 1523 1897 1557 ut
1925 1516 2021 1557 mibi

303 1582 490 1634 polnatis,
532 1582 830 1623 inscribendum
862 1583 1020 1632 curetis,
1057 1596 1135 1636 quo
1168 1584 1303 1624 notius
1333 1584 1502 1636 posteris
1534 1597 1694 1637 quoque
1725 1585 1871 1626 nostris
1897 1582 1904 1641 Ι
1935 1597 2022 1626 ε55ε

303 1650 431 1703 possit
474 1650 534 1690 vel
581 1651 636 1692 eis
681 1664 861 1704 quoque,
914 1652 981 1704 qui
1024 1651 1202 1692 municifi
1248 1663 1340 1704 erga
1389 1652 1553 1704 patriam
1600 1665 1711 1693 suam
1756 1653 1882 1702 erint,
1932 1649 2021 1709 ad}-

302 1718 369 1769 (20)
386 1718 549 1761 moniat.

394 1784 599 1828 Strongoli,
616 1787 679 1819 ubi
694 1785 769 1825 fuit
784 1786 918 1820 Petelia
934 1787 1173 1830 Bruttiorum,
1189 1798 1264 1831 rep.
1282 1798 1314 1821 α.
1329 1787 1416 1822 4892
1435 1787 1635 1830 (Barnabei
1650 1787 1794 1821 Notizie
1812 1788 1909 1831 degli
1921 1790 2023 1822 soavi

304 1842 390 1875 4894
411 1852 448 1885 p.
463 1843 520 1877 20.
546 1843 621 1887 24).
646 1862 691 1867 —
719 1844 750 1885 1)
777 1843 1040 1886 Quattuor-viro
1064 1844 1140 1887 lege
1166 1844 1343 1878 Cornelia.
1378 1843 1457 1877 Lea:
1475 1845 1574 1887 haee,
1598 1844 1766 1878 similiter
1787 1847 1829 1878 ut
1852 1845 2023 1879 Petronia

306 1898 370 1939 (Ν.
387 1900 507 1942 6559),
531 1900 673 1934 videtur
691 1903 911 1943 pertinuisse
936 1900 986 1934 ad
1006 1911 1064 1934 res
1087 1900 1322 1944 municipales
1347 1900 1580 1935 ordinandas.
1607 1919 1654 1926 -
1690 1902 1724 1944 2)
1749 1900 1943 1943 Quaestori
1958 1912 2022 1946 pe-

305 1959 435 1989 cuniae
463 1957 640 1999 publicae.
674 1977 721 1982 —
758 1959 793 2000 3)
820 1957 963 1991 Titulus
991 1958 1098 2000 plane
1125 1957 1299 2000 gemellus
1324 1961 1375 1990 est
1402 1956 1439 1991 Χ
1458 1957 1536 1992 413.
1572 1976 1618 1983 —
1652 1959 1687 2000 4)
1710 1957 1883 1992 Fortasse
1909 1960 2023 2002 signi·
2082 2003 2083 2006 Ἴ

305 2012 438 2053 fieatur
459 2016 581 2047 statua
608 2014 656 2047 ad
678 2025 787 2058 quam
808 2016 989 2058 pertinuit
1012 2013 1057 2050 N.
1073 2016 1168 2049 6469.
1191 2034 1237 2039 -
1269 2016 1303 2057 5)
1328 2014 1542 2057 Signifieari
1562 2017 1719 2047 statuam
1742 2014 1792 2048 ad
1815 2025 1922 2059 quam
1940 2026 2023 2059 per-

309 2072 419 2104 tinuit
441 2071 475 2105 X
489 2071 568 2114 143,
593 2081 738 2115 eamque
754 2070 868 2111 fuisse
885 2075 1091 2116 equestrem,
1115 2082 1188 2105 non
1210 2071 1418 2114 pedestrem,
1444 2072 1598 2105 coniecit
1611 2070 1795 2104 Bar-nabet·
1818 2072 1842 2105 l.
1860 2083 1889 2107 c.
1910 2082 1947 2116 p.
1963 2073 2022 2107 26.

305 2145 352 2151 —
380 2128 414 2170 6)
438 2127 650 2161 Sestertium
674 2131 814 2162 centum
843 2128 984 2162 milium
1012 2138 1208 2161 nummum.
1256 2127 1380 2161 Etiam
1415 2129 1457 2161 ob
1493 2129 1700 2162 memoriam
1731 2128 1917 2162 colendam
1948 2132 2022 2162 tam

307 2186 434 2217 matris
456 2195 564 2228 quam
587 2187 716 2218 uaeom’s
738 2186 832 2218 idem
855 2185 927 2219 Leo
951 2187 1006 2219 rei
1023 2185 1190 2229 publicae
1214 2185 1391 2218 intulerat
1414 2187 1561 2218 centena
1587 2185 1686 2217 milia
1712 2183 1773 2226 (N.
1790 2185 1886 2220 6470.
1908 2185 2020 2229 6474).

306 2259 351 2264 —
377 2243 413 2283 7)
439 2241 539 2283 Quae
562 2253 675 2285 supra
698 2244 834 2285 scripta
857 2246 952 2277 sunt.
976 2261 1023 2268 —
1048 2243 1080 2284 8)
1107 2241 1160 2282 Cf.
1184 2241 1230 2276 N.
1246 2242 1331 2276 6087
1355 2252 1431 2285 cap.
1454 2241 1578 2275 LXIX.

422 2319 539 2366 6469
585 2323 649 2364 Μ’.
665 2324 868 2376 Megonio¹
891 2323 955 2363 M’.
973 2323 999 2363 f.
1019 2320 1025 2378 Ι
1049 2323 1137 2364 Cor.
1151 2324 1276 2364 Leoni
1295 2321 1302 2379 Ι
1324 2325 1421 2372 aed„
1436 2312 1588 2364 l—lllvir.
1609 2322 1684 2374 leg.
1702 2322 1821 2372 Cor.’,
1840 2320 1846 2376 Ι
1870 2329 2020 2375 quaest.

309 2403 394 2443 pec.
414 2404 465 2444 p.,
484 2388 491 2446 Ι
509 2397 679 2444 patrono
696 2392 900 2445 municipi,
920 2389 926 2447 Ι
946 2392 1199 2443 Augustales³
1219 2399 1389 2446 patrono
1409 2391 1413 2446 Ι
1433 2392 1484 2432 ob
1500 2392 1639 2432 merita
1655 2391 1751 2434 eius.
1778 2389 1785 2445 Ι
1811 2390 1856 2432 L.
1873 2390 1910 2430 d.
1927 2390 1964 2431 d.
1981 2391 2019 2431 d.

309 2468 370 2512 (In
392 2469 519 2514 lacere)
551 2460 684 2514 Kaput
720 2473 767 2501 ex
806 2458 1091 2515 testamenta}
1127 2461 1212 2501 Hoc
1250 2461 1418 2514 amplius
1456 2460 1512 2500 rei
1553 2473 1592 2512 p.
1627 2458 1898 2500 Petelinorum
1936 2459 2021 2500 dari

307 2527 396 2567 volo
428 2526 433 2582 Ι
469 2518 598 2572 HS}
629 2530 682 2576 1‘i.,
713 2530 806 2570 item
836 2529 991 2570 vineam
1013 2529 1284 2570 Caedicianam
1315 2541 1407 2569 cum
1432 2526 1439 2583 Ι
1465 2534 1617 2582 partem
1644 2532 1728 2573 (ηὀ)
1757 2526 1871 2567 fundi
1902 2527 2019 2579 Pom-

309 2596 440 2648 peiani
477 2597 529 2637 ita
561 2599 619 2639 uti
651 2599 797 2652 optima
829 2595 1143 2651 maxil-(5)maq.
1174 2604 1269 2638 sunt
1298 2597 1444 2638 finibus
1484 2597 1565 2638 suis
1603 2609 1681 2649 qua
1718 2607 1806 2636 mea
1844 2584 2019 2637 fuerunt.

312 2664 406 2705 Volo
437 2664 581 2721 aultem
613 2678 662 2706 ex
693 2666 822 2707 usuris
852 2666 1080 2707 semissibus
1110 2664 1185 2708 HS
1211 2656 1248 2706 ἴ(
1274 2667 1316 2708 ᾗ.
1347 2665 1593 2719 comparari⁴
1630 2661 1914 2718 Augusltalium
1942 2663 2020 2705 loci

310 2733 349 2774 fi.
381 2734 428 2774 ad
459 2735 768 2775 instrumentum
800 2734 1063 2774 tricliniorum
1099 2733 1246 2787 duflum,
1277 2734 1383 2786 quod
1424 2734 1480 2773 eis
1516 2744 1580 2773 me
1614 2731 1704 2772 vibo
1739 2732 1894 2781 tradidi,
1924 2743 2020 2772 can-

311 2802 470 2842 delabra
501 2808 540 2842 et
570 2799 786 2858 lucerna[s]
829 2800 836 2857 Ι
877 2801 1083 2855 bilychnes
1112 2801 1276 2842 arbitrio
1307 2801 1591 2859 Augustalium,
1623 2812 1702 2852 quo
1734 2799 1885 2841 facilius
1918 2806 2018 2841 stra·

312 2866 510 2925 ti[0]{-(10)
524 2869 642 2911 nibus
681 2870 852 2924 publicis
891 2869 1003 2910 obire
1034 2870 1200 2923 possint.
1261 2870 1375 2917 Quod
1405 2869 1534 2922 ipsum
1565 2868 1613 2908 ad
1644 2864 1884 2924 utilitate[m]
1921 2864 1928 2922 Ι
1961 2867 2019 2908 rei

310 2949 353 2989 p·
378 2938 418 2977 ἦ.
440 2937 644 2990 pertinere
667 2938 896 2988 existimavi,
919 2938 1071 2979 facilius
1091 2937 1280 2979 subituris
1302 2949 1404 2978 onus
1424 2931 1796 2991 Augu[s]1talitatis⁵,
1827 2936 1922 2976 dum
1941 2935 2020 2976 hoc

313 3005 564 3045 commodum
604 3011 696 3046 ante
733 3006 871 3046 oculos
900 3005 1060 3046 habent.
1109 3003 1113 3059 Ι
1159 3005 1340 3046 Ceterum
1379 3009 1509 3045 autem
1546 3011 1769 3057 temporum
1802 3014 1922 3044 usura
1956 3015 2019 3044 se·
2078 3027 2080 3030 >

314 3072 447 3112 misse⁰
476 3071 549 3114 HS
577 3063 614 3112 X
646 3072 687 3113 fi.
718 3072 765 3113 ad
801 3069 1165 3128 instr[u]1mentum
1196 3071 1470 3125 Augustalium
1507 3071 1672 3112 arbitrio
1710 3072 1893 3124 ipsorum
1933 3081 2018 3111 esse
