2092 3360
257 177 340 215 538
979 174 1098 220 caput
1119 174 1237 210 xn11.

257 291 432 326 Macrino.
456 308 501 315 —
527 290 560 331 8)
583 287 722 321 Nomen
747 297 889 320 erasum
913 286 992 332 (sed
1014 288 1175 331 legitur).
1220 288 1393 323 Fortasse
1418 290 1477 322 Ιιίσ
1503 289 1658 332 Magnus
1685 293 1743 324 vir
1765 291 1967 326 aemularis

259 348 395 381 occisus
419 355 442 379 a
465 344 665 378 Maaeimino
684 343 830 387 (Herod.
846 344 878 385 7,
894 344 925 384 01,
941 346 987 385 5;
1009 345 1075 377 vit.
1092 344 1283 379 Mam-imin.
1300 345 1353 386 10,
1370 345 1420 386 4).
1444 364 1490 370 —
1513 347 1548 389 9)
1570 345 1719 389 Equites
1741 345 1907 382 Romani.
1921 366 1967 373 —

260 401 313 445 10)
338 403 434 436 Idem
458 401 553 435 redit
575 402 672 433 inter
695 400 1031 443 quinquennalia-ios
1056 401 1133 434 loco
1156 402 1287 444 primo.
1302 420 1349 426 --
1375 404 1431 444 11)
1455 402 1561 436 Redit
1574 404 1672 437 inter
1687 403 1873 437 aedilicio:
1889 403 1966 438 loeo

255 461 384 503 primo.
407 477 454 482 —
479 459 534 500 12)
557 456 662 490 Redit
683 458 780 490 inter
804 456 950 490 allectos
973 458 1070 490 inter
1095 459 1376 500 quinquennales
1401 459 1477 493 loeo
1499 461 1630 503 primo.
1654 478 1699 486 —
1731 460 1786 502 13)
1812 458 1969 494 Redeunt

257 517 353 547 inter
377 513 727 558 quinquennalia-ios.
744 532 789 538 —-
815 514 872 556 14)
899 511 953 553 Cf.
969 515 1044 547 not.
1060 513 1113 549 10.
1136 533 1183 539 —
1209 516 1263 557 15)
1289 514 1634 559 Quinquennalicios
1655 519 1786 560 septem
1809 526 1889 550 cum
1903 516 1968 550 ad-

258 572 358 605 lectis
382 572 438 603 his
461 573 635 613 quattuor
650 570 906 614 decemprimos
928 570 985 603 vel
1006 570 1309 614 unda-imprimas
1333 572 1473 606 ordinis
1493 571 1607 613 fuisse
1623 574 1776 607 coniecit
1798 572 1908 607 Seeck
1928 574 1970 606 in

259 628 336 671 eph.
352 627 523 669 Beitriige
546 637 615 660 zur
630 627 727 660 alten
746 627 866 662 Gesch.
883 627 914 668 01,
932 626 1005 669 456,
1026 637 1161 670 parum
1181 628 1431 671 probabiliter.
1456 647 1503 654 --
1528 630 1583 672 16)
1608 628 1766 663 Nomina
1788 630 1969 674 hueusque

259 686 483 725 enumerata,
504 687 651 726 praeter
672 687 912 728 patronorum
935 685 1102 726 nomina,
1134 687 1273 718 centum
1296 696 1379 728 esse,
1403 686 1445 719 id
1467 688 1519 719 est
1541 688 1676 720 iustum
1700 697 1888 721 numer-um
1911 686 1971 720 do-

260 742 467 781 curionum,
496 740 631 773 dudum
657 742 881 774 observatum
905 743 968 775 est.
1017 739 1071 780 Cf.
1090 739 1306 784 Marquardt
1322 741 1555 777 Staatsverw.
1569 743 1591 776 I
1603 743 1656 777 ed.
1668 743 1692 776 2
1706 753 1742 786 p.
1756 742 1833 777 489.

373 843 487 890 6122

361 913 473 954 albus
504 913 655 954 ordinis
685 914 759 954 col.
791 913 982 966 Thamg.¹‚

577 994 635 1022 vv.
667 981 763 1022 cc.²:

262 1061 468 1102 Vulcacius
497 1061 688 1101 Rufinus³
717 1061 811 1114 ptr!

263 1130 408 1170 Marius
437 1129 634 1170 Decianus
719 1137 795 1182 ptr.

264 1198 434 1239 Insteius
454 1197 691 1250 Lampadius
721 1204 798 1250 ptr.

266 1267 464 1319 Pompeus
484 1265 694 1306 Deuterius
724 1272 801 1318 ptr.

267 1334 474 1375 Cornelius
495 1333 727 1374 Valentinus
757 1341 834 1386 ptr.

266 1402 444 1443 Valerius
474 1402 721 1442 Erenianus⁸

266 1471 421 1511 Sessius
451 1469 678 1511 Pulverius⁶

268 1538 445 1579 Valerius
475 1538 719 1591 Porphyrius

269 1606 424 1647 Cessius
454 1606 651 1659 Trigetius

270 1675 426 1715 Cessius
456 1674 660 1714 Andanius

1152 914 1301 955 Plotius
1331 915 1578 956 Pretextatus
1607 916 1647 956 11.
1678 929 1719 969 p.

1152 983 1295 1035 Agrius
1325 983 1609 1024 Pretextatus²⁴
1638 984 1678 1024 fl.
1710 997 1748 1038 p.

1154 1062 1313 1104 Cincius
1344 1064 1605 1104 Innocentius
1633 1064 1673 1104 11.
1703 1076 1743 1117 p.

1153 1130 1276 1172 Iulius
1306 1131 1534 1173 Gubernius
1565 1133 1602 1173 11.
1637 1145 1674 1185 ρ.

1153 1199 1298 1240 Vallius
1329 1199 1526 1240 Candidus
1560 1200 1599 1240 fl.
1630 1213 1670 1253 p.

1155 1267 1213 1307 Fl.
1244 1268 1490 1321 Aquilinus¹⁶
1521 1269 1560 1308 ss.
1592 1281 1631 1321 p.

1156 1337 1213 1378 Fl.
1245 1337 1524 1378 Faustinianus
1553 1337 1592 1376 11.
1623 1349 1664 1389 p.

1156 1405 1286 1446 Virius
1315 1405 1552 1446 Manilianus
1582 1405 1623 1445 fl.
1653 1417 1692 1458 p.

1157 1473 1214 1514 Fl.
1244 1474 1490 1514 Donatianus
1518 1474 1557 1514 fl.
1589 1486 1627 1526 p.

1159 1542 1342 1583 Octavius
1371 1541 1534 1582 Falacer
1562 1541 1601 1581 fl.
1633 1553 1673 1593 p.

1158 1610 1354 1651 Antonius
1384 1608 1692 1651 Petronianus¹³
1730 1607 1769 1648 fl.
1801 1619 1841 1660 p.

1158 1679 1312 1720 Annius
1341 1679 1577 1719 Verissimus
1606 1677 1646 1717 ss.
1677 1689 1715 1729 p.

1158 1747 1304 1788 Acilius
1334 1746 1611 1787 Concessanus
1639 1744 1678 1784 ss.
1712 1757 1750 1798 p.

1160 1815 1355 1868 Gargilius
1386 1813 1662 1855 Calventianus
1692 1812 1732 1852 fl.
1764 1824 1803 1864 p.

1160 1884 1315 1924 Sessius
1344 1883 1602 1923 Ianuarianus
1636 1881 1676 1922 fl.
1707 1893 1747 1934 p.

1217 1952 1446 2005 pontifices:
1582 1952 1584 1954 ’

1162 2021 1311 2061 Plotius
1340 2019 1533 2060 Romulus

1345 2088 1397 2128 (et
1418 2086 1492 2120 alia
1515 2087 1661 2119 nomina
1688 2083 1778 2127 tria)

270 1812 419 1853 Plotius
450 1810 705 1851 Florentinus
733 1810 791 1850 vir
820 1809 890 1861 p.⁷,
934 1808 973 1847 ss.
1005 1807 1060 1860 p.⁸

271 1881 380 1922 Elius
411 1879 612 1932 Ampelius
641 1879 699 1918 vir
727 1878 784 1931 p.⁷

271 2015 574 2058 sacerdotales⁹:

272 2085 345 2125 Iul.
375 2085 522 2125 Paulus
552 2083 752 2136 Trigetius
782 2088 859 2135 ptr.

274 2153 469 2193 Antonius
498 2152 634 2192 Victor
663 2152 702 2191 ss.
733 2164 772 2203 p.

274 2227 452 2261 curator:

277 2290 460 2330 Octavius
490 2289 722 2331 Sosinianus
752 2287 791 2326 fl.
823 2300 859 2340 p.

275 2358 445 2398 duoviri:

277 2427 431 2467 Sessias
463 2425 699 2466 Cresconius
729 2423 850 2476 aug.¹⁰

277 2494 456 2546 Papirius
485 2493 653 2533 Vitalis¹¹
692 2493 731 2532 ss.
762 2505 802 2545 p.

1220 2168 1409 2209 augures:

1164 2226 1286 2267 Iulius
1315 2221 1634 2264 Victorinianus⁶

1347 2293 1398 2332 (et
1421 2290 1493 2323 alia
1517 2290 1663 2322 nomina
1691 2287 1778 2329 duo)

1223 2361 1361 2402 ediles:

1167 2429 1349 2470 Aurelius
1378 2427 1547 2468 Rufinus

1164 2498 1238 2539 lul.
1268 2495 1473 2536 Valerinus

279 2558 472 2603 Corfidius
502 2561 799 2602 Valentinianus
830 2559 868 2599 fl.
900 2571 938 2611 p.

279 2641 331 2679 (et
354 2640 428 2673 alia
451 2641 599 2673 nomina
621 2641 810 2681 flaminum
828 2638 1086 2681 perpetuorum

504 2696 656 2729 sedecim
667 2696 707 2739 ¹2,
733 2698 772 2728 in
797 2694 868 2738 his)

281 2764 462 2805 Claudius
492 2765 656 2805 Saturus
686 2765 724 2804 ss.
755 2777 808 2817 p.‚
840 2761 972 2803 exct.¹⁸

282 2832 462 2872 Aurelius
492 2832 683 2873 Maximus
712 2832 751 2871 fl.
783 2845 836 2885 p.‚
868 2837 967 2871 exct.

1224 2569 1453 2618 quaestores
1464 2577 1473 2602 ε

1166 2633 1329 2674 Vetilius
1359 2631 1598 2672 Saturninus

1223 2702 1245 2742 d
1252 2699 1469 2742 uoviralici:

1168 2769 1360 2810 Flavidius
1390 2766 1587 2808 Sudianus

1282 2838 1333 2877 (et
1356 2834 1430 2867 alia
1453 2833 1599 2866 nomina
1622 2828 1810 2870 undecim)
1821 2826 1859 2861 ¹⁶.

400 2923 629 2966 Thamugade
652 2933 740 2965 rep„
764 2924 839 2955 iam
854 2921 1047 2954 Lambaese
1069 2921 1109 2952 in
1130 2917 1327 2962 praetorio,
1352 2914 1447 2947 basis
1468 2913 1521 2945 ita
1544 2912 1584 2943 in
1608 2909 1697 2943 duas
1719 2909 1842 2951 partes
1864 2904 1988 2947 fracta

284 2983 324 3013 ut
348 2991 439 3023 quae
465 2981 549 3014 olim
573 2980 688 3013 latera
713 2981 788 3011 eius
811 2976 980 3020 fuerunt,
1010 2979 1084 3010 iam
1108 2976 1202 3010 duae
1225 2971 1367 3007 tabulae
1389 2971 1463 3003 sint
1485 2966 1658 3012 gemellae
1683 2964 1704 3009 (
1704 2963 1790 2999 VIII
1812 2963 1906 2998 2405
1934 2960 1985 3002 cf.

286 3037 375 3069 VIII
388 3037 423 3070 S.
437 3036 546 3070 47824
562 3036 730 3069 viderunt
748 3034 949 3069 Wilmanns
966 3036 1000 3066 et
1017 3032 1205 3073 Schmidt).
1253 3029 1294 3062 In
1319 3028 1441 3060 antica
1465 3025 1559 3058 basis
1581 3025 1634 3056 eet
1657 3020 1785 3055 titulus
1812 3019 1851 3055 T.
1864 3018 1990 3054 Flavii

289 3092 430 3125 Moe-imi
456 3092 561 3135 (VIII
582 3092 604 3125 l.
621 3090 678 3135 c.),
701 3091 763 3124 sed
786 3092 837 3123 ibi
861 3092 996 3123 incisus
1019 3088 1131 3122 multo
1157 3089 1346 3129 antequam
1372 3083 1486 3116 latera
1511 3081 1723 3124 aptarentur
1747 3078 1826 3111 albo
1851 3075 1991 3111 ordinis
