2092 3360
205 159 287 198 358
919 160 1040 207 Caput
1062 160 1162 197 XIII.

201 274 296 318 pleri
314 277 473 317 possunt.
488 292 530 297 —
558 275 590 314 1)
614 271 840 312 Praefectum
863 274 1042 317 intellegit
1057 275 1249 309 Mommsen
1274 277 1375 319 operi
1398 274 1579 319 faciendo,
1601 287 1666 311 nec
1683 279 1913 321 cogitandum

205 331 247 363 de
267 329 451 373 praefecto
476 330 693 363 architectis.

290 408 429 507 ἴ5379
479 412 523 449 A.
545 409 723 451 Bruttius
753 412 798 451 A.
828 412 853 452 l.
882 410 888 466 Ι
914 413 1032 453 Tarto
1065 411 1070 468 Ι
1106 413 1277 453 lIlllIvir
1310 411 1315 468 Ι
1353 409 1605 470 [c]repidines
1635 415 1741 455 inter
1774 416 1914 471 l'duos

206 480 286 520 pon
307 480 360 507 es.

322 532 542 566 Concordiae
566 534 618 574 (V
633 534 719 568 4887
742 536 836 569 vidit
858 535 1082 580 Mommsen).

318 613 432 659 5380
491 615 536 655 G.
569 616 663 656 Lart
684 647 890 657 .......
929 615 934 672 Ι
971 617 1139 658 Gabinio
1171 619 1214 658 P.
1246 619 1272 658 f.
1310 617 1315 673 Ι
1356 619 1436 659 Pal.
1469 618 1648 659 Fortuito
1691 618 1696 674 Ι
1738 621 1915 662 dictatori

204 685 329 732 Lan.¹,
365 681 370 738 Ι
409 684 514 724 llvir.
540 685 709 738 Capuae,
737 684 743 742 Ι
779 686 883 738 quod
915 687 1016 726 viam
1046 686 1159 726 Dian.
1194 684 1199 740 Ι
1234 699 1255 726 a
1286 693 1400 739 porta
1430 686 1611 727 Volturn.
1647 686 1653 742 Ι
1689 688 1734 728 ad
1765 689 1918 729 vicum²

205 765 291 804 usq.
325 765 395 792 sua
421 751 426 806 Ι
454 765 541 805 pec.
573 754 681 795 silice
713 761 889 803 straver.,
916 753 923 807 Ι
950 755 999 794 ob
1030 755 1208 794 munific.
1240 755 1324 796 eius
1351 752 1357 808 Ι
1384 755 1421 795 d.
1451 755 1489 795 d.

321 819 462 862 Capuae
487 820 536 860 (X
555 820 648 855 5945
681 821 791 856 descr.
815 831 904 855 saec.
931 821 1038 855 XVII
1058 821 1282 864 Pellegrinus
1305 824 1435 855 auctor
1458 822 1679 867 accuratus).
1703 842 1747 847 —-
1786 825 1818 867 1)
1848 824 1916 858 La-

205 878 318 910 nuvii.
364 877 418 908 De
447 877 624 911 dictatore
649 877 839 911 Lanuvino
872 877 919 918 cf.
946 877 983 912 C.
1005 878 1032 913 I.
1055 878 1095 911 L.
1120 878 1209 913 XIV
1224 889 1262 922 p.
1279 879 1352 913 494.
1390 898 1434 903 —-
1472 879 1506 922 2)
1535 878 1708 913 Fortasse
1739 881 1839 914 vicus
1870 882 1920 915 ad

206 938 362 967 montem
391 932 515 973 Tifata
539 935 603 967 ubi
625 933 700 974 fuit
724 936 890 978 templum
914 935 1068 978 Dianae,
1099 934 1146 975 cll
1171 934 1364 969 Mommsen
1390 935 1426 969 C.
1442 936 1471 969 I.
1488 935 1528 970 L.
1553 936 1589 969 X
1606 946 1643 979 p.
1659 936 1735 972 567.

322 1013 434 1060 5381
495 1015 536 1055 C.
569 1016 737 1056 Obinius
767 1016 903 1066 Favor,
931 1016 937 1072 Ι
974 1017 1015 1057 Ρ.
1047 1016 1278 1057 Didiolenus
1305 1014 1310 1071 Ι
1347 1017 1475 1057 Strato
1503 1015 1510 1072 Ι
1536 1018 1770 1070 Augustales
1803 1017 1808 1073 Ι
1844 1031 1918 1072 pro

208 1096 373 1124 munere
399 1082 404 1138 Ι
433 1085 480 1124 ab
502 1096 652 1124 summa
675 1084 923 1139 quadragint.
950 1083 957 1139 Ι
984 1116 993 1125 .
1013 1116 1021 1125 .
1039 1115 1049 1125 .
1067 1085 1135 1124 da¹
1166 1085 1212 1125 ad
1235 1085 1365 1125 vicum
1386 1084 1497 1126 Laris
1523 1083 1528 1140 Ι
1555 1099 1587 1126 s.
1608 1099 1647 1138 p.
1668 1092 1829 1127 straver.

323 1151 499 1184 Luceriae
526 1151 593 1195 (IX
614 1153 681 1185 808
703 1151 797 1184 vidit
820 1151 1042 1196 Mommsen).
1068 1171 1114 1177 —
1140 1153 1172 1194 1)
1196 1151 1318 1185 Lectio
1341 1154 1493 1186 incerta.

321 1230 435 1277 5382
474 1233 518 1272 L.
541 1234 727 1274 Avianius
757 1233 802 1273 L.
834 1232 860 1271 f.
892 1232 997 1272 Men.
1025 1231 1030 1286 Ι
1057 1232 1222 1274 Flaccus
1252 1233 1483 1282 Pontianus,
1511 1231 1517 1288 Ι
1554 1233 1601 1280 Q.
1623 1233 1791 1287 Spedius
1822 1234 1869 1282 Q.
1891 1236 1918 1274 s.

207 1301 312 1342 Men.
341 1299 347 1355 Ι
374 1301 530 1342 Firmus
559 1301 667 1342 IIvir.
698 1301 722 1341 i.
754 1301 812 1350 d.,
851 1300 950 1340 viam
978 1297 984 1355 Ι
1011 1313 1032 1340 a
1064 1301 1265 1342 milliario¹
1300 1301 1347 1341 ad
1378 1301 1591 1350 cisiarios²‚
1619 1299 1624 1355 Ι
1652 1314 1728 1354 qua
1761 1302 1918 1342 territo-

208 1370 312 1410 rium
344 1377 403 1411 est
429 1369 434 1423 Ι
463 1370 817 1422 Pompeianorum,
848 1381 918 1409 sua
944 1368 949 1423 Ι
977 1381 1063 1421 pec.
1096 1370 1338 1410 munierunt.

323 1438 497 1481 Pompeiis
527 1447 601 1479 rep.
633 1437 711 1470 loco
743 1437 903 1479 antiquo,
941 1439 1048 1469 eoetra
1082 1439 1224 1479 portam
1261 1435 1470 1469 Stabianum
1505 1436 1554 1469 ad
1584 1438 1665 1479 ipsa
1695 1438 1835 1470 moenia
1872 1437 1920 1469 aa

208 1495 395 1527 sinistram
425 1495 506 1527 viae
536 1494 588 1526 ibi
616 1494 823 1536 incipientis
855 1491 906 1533 (X
924 1493 1009 1527 4064
1038 1493 1132 1526 vidit
1155 1492 1376 1537 Mommsen).
1423 1493 1483 1526 Ad
1504 1492 1651 1525 eandem
1675 1493 1755 1526 viae
1778 1496 1918 1536 partem

203 1552 365 1594 pertinet
395 1550 523 1583 titulus
556 1550 639 1583 Osce
671 1551 827 1592 scriptus
855 1549 976 1583 eodem
1010 1548 1089 1589 fere
1126 1549 1202 1583 loco
1238 1554 1400 1593 repertus
1436 1549 1605 1590 (Fiorelli
1635 1538 1853 1583 descrizione
1881 1550 1921 1583 di

209 1608 354 1651 Pompei
366 1618 404 1650 p.
421 1609 477 1650 29,
501 1606 632 1640 Nissen
652 1616 772 1650 pomp.
790 1606 893 1640 Stud.
915 1617 950 1649 p.
965 1605 1063 1649 554).
1087 1625 1132 1630 -—
1159 1608 1191 1649 1)
1214 1606 1416 1640 Miliarium
1438 1606 1630 1639 Mommsen
1648 1605 1713 1650 (cf.
1730 1607 1847 1641 Herm.
1863 1607 1919 1649 42,

209 1663 306 1706 4877,
326 1674 362 1707 p.
378 1664 459 1708 489)
484 1664 661 1706 intellegit
683 1665 763 1696 viae
781 1664 951 1706 publicae
968 1663 1099 1706 populi
1121 1662 1290 1705 Romani,
1315 1673 1385 1706 qua
1408 1661 1567 1696 Nuceria
1591 1664 1775 1707 Pompeios
1797 1665 1920 1697 ibatur

211 1723 245 1752 et
260 1719 449 1764 Neapolim
474 1719 538 1762 (cf.
558 1720 593 1755 C.
611 1720 638 1754 I.
656 1720 697 1754 L.
713 1720 749 1753 X
767 1731 802 1763 p.
817 1722 875 1763 58,
897 1720 962 1764 II),
986 1721 1089 1753 cuius
1113 1722 1193 1753 viae
1215 1720 1397 1753 miliarius
1420 1719 1552 1762 aliquis
1569 1720 1745 1763 Pompeiis
1768 1721 1816 1753 ad
1834 1731 1918 1764 por-

211 1780 284 1810 tam
300 1777 509 1811 Stabianum
533 1780 672 1811 steterit
695 1788 833 1810 necesse
857 1781 919 1813 est.
946 1797 988 1801 —
1017 1779 1051 1820 2)
1077 1776 1248 1810 Cisiarios
1271 1778 1312 1810 in
1336 1780 1494 1810 extremo
1520 1778 1706 1810 territorio
1730 1779 1918 1810 stationem

210 1835 374 1866 habuisse
397 1845 443 1866 eoe
468 1835 534 1868 hoc
558 1834 665 1867 titulo
691 1834 829 1876 colligit
851 1834 1010 1868 Momms.

325 1913 438 1959 5383
480 1945 621 1955 .....
643 1917 704 1956 ius
735 1916 886 1956 Fronto
917 1916 1002 1955 aed.
1033 1927 1117 1955 cur.
1149 1915 1197 1954 de
1226 1927 1297 1955 sua
1327 1915 1497 1967 pecunia
1527 1911 1659 1971 f[ecit],
1688 1912 1693 1970 Ι
1721 1945 1730 1954 .
1749 1945 1758 1954 .
1782 1945 1791 1954 .
1815 1945 1824 1955 .
1848 1945 1858 1954 .
1882 1945 1891 1955 .
1909 1945 1919 1954 .

212 1983 333 2032 duxit,
363 1983 464 2023 viam
495 1995 515 2023 a
546 1985 633 2023 foro
665 1996 791 2036 usque
812 1984 858 2024 ad
880 1984 1006 2024 feines
1030 1979 1213 2039 strav[it]‚
1241 1982 1246 2037 Ι
1276 2013 1284 2022 .
1308 2013 1317 2022 .
1340 2013 1349 2022 .
1373 2013 1382 2022 .
1404 1983 1509 2031 fecit,
1541 1983 1705 2023 cieivom
1725 1996 1745 2023 a
1766 1995 1919 2024 summo

212 2051 259 2091 ad
290 2052 532 2104 emporium¹
564 2048 743 2108 stra[vit].

327 2119 427 2152 Inter
449 2120 616 2153 Puteolos
647 2124 679 2152 et
701 2119 893 2163 Neapolim
923 2129 1011 2162 pars
1042 2119 1206 2160 extabat,
1237 2128 1324 2161 pars
1355 2117 1472 2151 adhuc
1501 2121 1555 2151 est
1581 2117 1737 2162 Neapoli
1768 2117 1816 2162 (X
1838 2118 1922 2152 4698

211 2174 418 2217 fragmenta
450 2177 638 2219 aliquoties
668 2176 876 2221 descripta).
911 2194 957 2200 —
995 2176 1027 2218 1)
1051 2176 1264 2219 Emporium
1288 2175 1573 2209 Puteolanorum
1603 2178 1778 2208 memorat
1801 2174 1920 2209 Cicero

214 2232 263 2264 ad
284 2232 357 2266 Att.
380 2234 415 2274 ὅ,
431 2233 466 2274 2,
481 2233 518 2267 2.
564 2234 727 2276 Apparet
751 2235 949 2277 emporium
971 2231 1103 2275 fuisse,
1133 2235 1176 2265 ut
1200 2235 1475 2265 consentaneum
1498 2235 1559 2273 est,
1584 2234 1623 2265 in
1646 2234 1718 2265 imo
1744 2232 1845 2274 clivo,
1874 2231 1923 2264 ad

215 2289 299 2322 litus
321 2291 443 2323 maris.
474 2308 520 2314 —
554 2290 615 2322 Ad
637 2290 737 2322 aliud
761 2291 960 2333 emporium
983 2291 1141 2333 pertinet
1164 2287 1210 2323 Ν.
1233 2290 1331 2323 5384.

329 2368 442 2415 5384
487 2401 726 2410 ........
755 2372 761 2424 Ι
792 2366 1056 2425 [A]ugustalis,
1095 2367 1202 2426 h[on.
1234 2367 1554 2424 decurionalibus]
1591 2367 1597 2423 Ι
1632 2369 1884 2417 ornamentis,
1911 2369 1920 2425 Ι

214 2438 314 2478 viam
345 2439 392 2478 ab
424 2439 634 2491 angiporto
665 2435 799 2494 aed[is]
829 2436 835 2493 Ι
870 2438 1035 2478 lunonis
1066 2439 1239 2479 Lucinae
1269 2451 1394 2490 usque
1428 2434 1506 2494 [ad]
1535 2435 1541 2492 Ι
1575 2438 1710 2478 aedem
1739 2437 1920 2485 Matutae,

216 2512 255 2546 et
284 2507 424 2546 clivom
465 2506 469 2561 Ι
513 2507 560 2547 ab
592 2507 684 2546 ianu
715 2507 761 2546 ad
793 2506 971 2558 gisiarios
998 2511 1081 2552 (sie)
1113 2503 1279 2562 porta[e]
1323 2503 1328 2560 Ι
1370 2506 1618 2555 Stellatinae,
1656 2511 1695 2546 et
1724 2505 1821 2545 viam
1851 2518 1921 2558 pa-

216 2574 334 2614 tulam
371 2573 376 2630 Ι
411 2575 458 2615 ad
489 2581 644 2628 portam
673 2575 820 2615 laevam
851 2580 890 2615 et
920 2575 967 2615 ab
999 2575 1086 2615 foro
1121 2573 1127 2629 Ι
1162 2575 1209 2615 ad
1239 2580 1393 2628 portam
1427 2574 1676 2615 domesticam
1712 2571 1718 2629 Ι
1753 2586 1821 2614 sua
1851 2586 1921 2627 pe-

216 2642 332 2682 cunia
361 2644 508 2683 stravit.

329 2709 471 2743 Calibus
493 2720 580 2753 rep„
603 2713 655 2743 est
678 2708 833 2752 Neapoli
863 2708 915 2753 (X
933 2711 1016 2744 4660
1040 2710 1132 2743 vidit
1156 2709 1377 2753 Mommsen).

331 2788 441 2835 5385
493 2791 532 2831 C.
550 2791 693 2832 Furius
715 2790 755 2831 C.
778 2791 804 2830 f.
825 2790 1004 2839 Numida,
1032 2788 1037 2845 Ι
1065 2790 1114 2830 Μ.
1131 2789 1309 2830 Veratius
1330 2789 1372 2830 C.
1393 2790 1419 2829 f.
1441 2789 1567 2829 Pollio
1595 2786 1600 2842 Ι
1626 2787 1769 2829 1111vir.
1793 2788 1817 2828 i.
1840 2789 1891 2835 d.,
1914 2790 1921 2839 Ι

217 2864 377 2898 stratam
410 2859 456 2898 ad
478 2865 632 2912 portam
658 2858 663 2914 Ι
692 2871 885 2899 summam
916 2864 955 2898 et
983 2859 1023 2899 in
1056 2857 1162 2898 clivis
1189 2854 1194 2910 Ι
1221 2856 1267 2897 ad
1288 2863 1443 2909 portam
1463 2856 1693 2910 geminam¹,
1721 2854 1726 2910 Ι
1753 2862 1792 2896 et
1821 2857 1923 2896 intra

218 2932 373 2978 portam
399 2926 404 2981 Ι
432 2927 645 2968 Martialem
667 2928 715 2967 ad
736 2923 950 2984 angipofr]
979 2927 987 2980 Ι
1012 2926 1182 2966 Matutae
1211 2939 1242 2966 s.
1265 2937 1299 2965 c.
1319 2937 1352 2965 r.
1375 2924 1426 2964 α’
1450 2924 1457 2978 Ι
1483 2923 1666 2976 idemque
1693 2924 1922 2977 probavere.

338 2993 479 3027 Calibus
502 3004 594 3037 rep.,
618 2997 670 3027 est
684 2993 838 3037 Neapoli
861 2994 913 3034 (X
924 2995 1009 3028 4650
1032 2993 1122 3027 vidit
1139 2991 1365 3036 Henzen).—
1393 2993 1424 3034 1)
1447 2991 1615 3024 Eiusdem
1638 2993 1795 3025 nominis
1814 2994 1924 3035 porta

218 3046 294 3087 fuit
323 3048 432 3082 Teani
456 3048 565 3093 (Eph.
583 3061 635 3093 ep.
652 3052 684 3092 8,
700 3050 796 3094 573).
822 3069 863 3074 —
898 3051 931 3092 2)
956 3049 1109 3083 Senatus
1132 3049 1295 3083 consulto
1320 3047 1550 3088 reficiendam
1574 3059 1754 3082 curavere.
