2092 3360
285 143 340 182 40
1031 142 1150 188 Caput
1172 142 1235 177 XI.

401 254 516 301 3295
568 257 676 296 Volk.
709 256 793 295 miti
833 254 839 310 Ι
880 257 959 296 sive
990 256 1226 297 Mulcibero¹
1265 258 1271 306 Ι
1304 256 1413 296 Lucii
1446 257 1546 296 Veni
1579 253 1585 310 Ι
1620 256 1886 308 Telesphorus
1916 262 1955 296 et
1985 255 1994 306 Ι

287 324 527 377 chrysantus
545 328 629 371 (sic)
649 319 829 378 frat[r.]²‚
859 321 863 375 Ι
891 323 940 362 vl
952 324 1019 363 vir.
1037 326 1150 376 Aug„
1183 320 1369 378 nomi[ne]
1394 328 1399 378 Ι
1426 324 1570 364 Vettiae
1588 323 1629 363 L.
1648 325 1672 363 f.
1691 320 1994 380 Secundi[nae]l

286 392 517 444 Telesphori
549 391 599 430 fil.
628 390 634 438 Ι
661 390 704 429 L.
737 391 773 429 d.
805 390 842 429 d.
874 391 910 430 d.

403 459 554 491 Brioeiae
589 456 643 499 (V
663 457 751 490 4295
784 456 880 489 vidit
903 456 1123 497 Mommsen).
1159 475 1204 481 —
1245 459 1275 498 1)
1300 457 1499 491 Mulcibero
1526 458 1683 491 Volcano
1715 458 1899 491 dedicatus
1921 455 1997 498 fuit

287 516 393 547 etiam
428 513 554 546 titulus
580 513 750 546 Sentinas
774 512 827 546 XI
846 513 930 545 5741
966 512 1043 555 (aed
1064 513 1213 545 mutilus
1237 516 1270 545 et
1294 513 1448 553 fortasse
1476 525 1548 548 non
1573 516 1658 548 bene
1682 514 1909 558 descriptus).
1942 511 1995 553 Cf.

289 570 423 603 Preller
448 569 486 601 H.
506 568 620 612 Mytl».
638 568 679 603 2³
700 580 735 611 p.
753 569 828 602 148.
852 587 896 593 -
921 569 954 611 2)
977 568 1138 603 Fratres.

402 647 517 694 3296
567 662 633 690 ara
664 650 737 689 xl¹
765 649 770 703 Ι
800 646 1018 705 Vo[l]cano.

403 716 535 749 Romae
558 721 599 750 ut
624 717 769 750 videtur
794 717 866 757 (VI
885 718 949 750 799
973 727 1018 749 ea:
1042 715 1276 759 Passioneio).
1299 734 1343 739 -—
1372 717 1402 757 1)
1429 716 1579 750 Videtur
1603 719 1836 760 cogitandum
1861 729 1932 750 esse
1956 718 2000 750 de

288 774 365 807 arie
390 773 575 806 duodecim
601 774 759 813 deorum,
787 784 939 815 quarum
963 773 1150 805 undecima
1177 772 1225 804 ad
1249 771 1447 805 Volcanum
1469 775 1671 816 pertinebat
1693 774 1881 817 (Henzen).

405 852 521 899 3297
572 855 616 893 L.
635 855 804 894 Helvaci.
847 855 887 894 C.
920 855 945 893 f.
977 853 1026 892 Μ.
1061 866 1098 892 n.
1137 851 1141 906 Ι
1183 852 1354 892 Corbulo
1385 853 1473 905 pr.¹‚
1516 850 1522 908 Ι
1563 853 1738 894 Volkano
1769 855 1862 894 don.
1903 852 1910 908 Ι
1949 855 1998 895 de

288 935 373 963 sen.
405 928 505 962 sent.

402 988 513 1021 Albae
537 989 585 1021 ad
608 988 789 1021 Fucinum
815 988 882 1028 (IX
903 988 990 1021 6549
1015 987 1207 1020 Mommsen
1234 987 1323 1019 vidit
1345 988 1537 1031 eclypum).
1563 1006 1608 1012 -—
1635 990 1668 1030 1)
1692 988 1842 1022 Praetor
1863 989 2001 1022 scilicet

289 1045 508 1077 Albensium.

406 1124 524 1170 3298
574 1125 618 1172 Q.
645 1125 780 1166 Vibius
811 1126 858 1171 Q.
890 1126 915 1164 f.
947 1125 1164 1172 Maxumus,
1196 1124 1246 1163 M.
1271 1124 1406 1165 Varius
1437 1124 1480 1164 L.
1513 1126 1537 1163 f.
1565 1125 1572 1178 Ι
1599 1125 1734 1177 Capito
1765 1138 1824 1178 pr.
1856 1125 1999 1173 llvir.¹,

291 1205 395 1233 aram
430 1193 601 1233 Volcano
633 1193 843 1244 maceriaq.
880 1194 885 1242 Ι
920 1196 1051 1232 aream
1091 1192 1340 1244 saepiendam
1381 1193 1654 1244 piscinamque
1693 1206 1740 1233 ex
1770 1194 1806 1233 d.
1838 1194 1875 1233 d.
1911 1191 1918 1248 Ι
1951 1193 2002 1234 de

290 1262 460 1314 pecunia
493 1260 649 1313 publica
681 1261 827 1300 facieda
859 1265 943 1308 (sic)
969 1272 1074 1300 coer.
1104 1258 1108 1312 Ι
1135 1260 1183 1307 Q.
1207 1259 1341 1300 Vibius
1371 1259 1418 1306 Q.
1450 1262 1478 1301 f.
1510 1260 1715 1301 Maxumus
1745 1261 1934 1313 probavit.
1991 1303 1994 1306 Δ

407 1326 576 1361 Narbone
602 1328 638 1368 (I
656 1328 751 1361 1488.
776 1327 848 1361 XII
867 1329 960 1362 4558
984 1327 1074 1360 vidit
1098 1326 1331 1371 Hirschfeld).
1358 1347 1399 1352 —
1429 1328 1460 1368 1)
1485 1328 1670 1360 Praetores
1694 1328 1839 1362 duoviri
1862 1327 2002 1363 Narbo-

290 1395 463 1418 nenszum.

407 1463 523 1510 3299
572 1466 646 1505 deo
677 1466 827 1518 patrio¹
855 1465 860 1518 Ι
889 1465 956 1507 Cn.
982 1464 1182 1516 Turpilius
1209 1463 1214 1518 Ι
1242 1464 1312 1504 Cn.
1346 1466 1370 1503 f.
1402 1464 1670 1519 Turpililanus
1699 1466 1810 1505 aedil.
1843 1473 1882 1506 et
1907 1465 1914 1514 Ι
1940 1478 2001 1518 pr.

290 1546 371 1575 sac.
392 1533 503 1573 Volk.
535 1533 638 1581 fac.²‚
666 1531 673 1586 Ι
699 1533 813 1584 sigill.
846 1532 1009 1572 Volkani
1035 1530 1043 1585 Ι
1070 1545 1117 1571 ex
1149 1538 1237 1572 voto
1268 1533 1411 1585 posuit..
1440 1530 1445 1586 Ι
1472 1533 1564 1585 Arg.
1596 1546 1633 1585 p.
1655 1532 1722 1572 XV
1751 1545 1856 1585 scrp.
1885 1531 1890 1586 Ι
1916 1533 2001 1573 1x³.

405 1601 518 1643 Prope
552 1600 683 1632 Ostiam
715 1609 789 1642 rep.
826 1598 932 1642 (XIV
949 1599 974 1632 5
1005 1599 1111 1631 semel
1142 1600 1205 1632 sed
1236 1602 1404 1633 accurate
1435 1603 1476 1633 ut
1507 1600 1650 1633 videtur
1678 1610 1769 1634 saec.
1794 1598 1918 1633 XVIII
1945 1599 2003 1633 de·-

290 1657 454 1700 scripta).
475 1675 515 1681 —
545 1657 577 1698 1)
602 1656 698 1689 Deus
719 1658 863 1698 patrius
886 1666 960 1689 non
984 1657 1122 1688 constat
1145 1666 1192 1688 an
1216 1656 1309 1688 idem
1332 1658 1380 1688 sit
1403 1660 1511 1699 atque
1530 1657 1724 1692 Vulcanus,
1742 1676 1783 1683 —
1811 1658 1846 1697 2)
1863 1657 2007 1690 Aediles

292 1716 328 1746 et
345 1716 534 1756 praetores
558 1714 671 1745 sacris
696 1712 859 1746 Volkano
884 1711 1069 1751 faciundis
1098 1722 1202 1755 saepe
1225 1717 1470 1746 memorantur
1495 1715 1533 1746 in
1557 1713 1670 1746 titulis
1696 1714 1925 1754 Ostiensibus,
1955 1712 2003 1753 cf.

292 1768 395 1810 infra
419 1771 515 1802 inter
538 1771 782 1812 municipales.
806 1788 850 1794 —
876 1769 1089 1811 3)-Argenti
1108 1768 1228 1811 pondo
1252 1768 1320 1802 XV
1341 1771 1516 1812 scriptula
1542 1769 1600 1802 IX.

404 1848 519 1894 3300
572 1850 746 1890 Volcano
774 1849 780 1902 Ι
807 1851 905 1902 Aug.
933 1849 939 1904 Ι
968 1849 1016 1888 Μ.
1049 1850 1199 1890 Mucius
1226 1850 1231 1898 Ι
1258 1850 1477 1891 Frontinus
1509 1850 1514 1904 Ι
1549 1858 1587 1890 et
1618 1851 1661 1890 L.
1694 1850 1818 1891 Valer.
1846 1850 1851 1905 Ι
1879 1851 2005 1904 Cyril-

293 1919 353 1960 lus
380 1917 386 1972 Ι
413 1918 613 1970 Augustal.
642 1915 648 1971 Ι
674 1924 844 1957 curator.
873 1915 879 1972 Ι
906 1918 1092 1957 thermar.

411 1984 588 2018 Carnunti
611 1994 683 2027 rep.
710 1983 781 2026 (III
803 1984 886 2017 4447
909 1984 1001 2016 vidit
1023 1984 1245 2027 Mommsen).

410 2074 521 2119 3301
563 2075 739 2115 Volkano
762 2077 861 2128 Aug.
893 2082 932 2114 et
962 2072 1189 2130 culqoribus
1215 2072 1310 2130 eius]
1339 2073 1344 2128 Ι
1371 2074 1412 2115 C.
1434 2075 1593 2116 Mascul.
1616 2075 1755 2117 Lusor.
1776 2077 1876 2118 titul.
1899 2074 2006 2134 c[um

294 2145 379 2184 scr.¹
411 2140 524 2198 dedit]
557 2149 773 2191 (sequuntur
796 2148 853 2180 vel
874 2149 1114 2190 sequebantur
1136 2149 1283 2180 nomina
1307 2148 1489 2180 hominum
1508 2148 1593 2190 plus
1616 2150 1841 2191 nonaginta).

413 2209 549 2243 Celeiae
573 2211 611 2242 in
627 2208 761 2243 Norico
786 2209 857 2252 (III
875 2209 910 2243 S.
926 2209 1029 2243 11699
1053 2208 1259 2249 Hirschfeld
1282 2209 1373 2253 vidit
1395 2212 1590 2253 ectypum).
1613 2229 1658 2235 —
1685 2211 1717 2252 1)
1745 2209 1902 2244 Titulum
1926 2221 2007 2245 cum

295 2268 481 2309 scriptura
510 2266 579 2309 (sic
604 2266 771 2299 dubitans
794 2266 970 2308 supplevit
994 2265 1208 2307 Hirschfeld,
1234 2265 1364 2298 collata
1389 2265 1445 2298 ΙΙΙ
1464 2266 1579 2304 5196).

410 2345 524 2391 3302
572 2347 745 2386 Volcano
772 2348 778 2396 Ι
805 2346 903 2397 Aug.
935 2359 1033 2386 sacr.
1061 2345 1068 2400 Ι
1101 2358 1148 2385 ex
1179 2346 1287 2398 imp„
1329 2347 1434 2385 vicus
1466 2346 1629 2387 Fortun.
1661 2360 1682 2386 a
1714 2348 1846 2400 templ.
1874 2347 1881 2400 Ι
1907 2347 2005 2388 For-

296 2421 416 2455 tunae
447 2416 493 2454 ad
524 2415 632 2454 horr.
660 2414 666 2469 Ι
693 2427 744 2454 m.
775 2415 826 2466 p.¹

413 2483 526 2525 Prope
543 2483 792 2515 Poetovionem
816 2491 892 2524 rep.
912 2480 986 2521 (III
1002 2480 1035 2514 S.
1049 2480 1156 2514 10875
1173 2480 1264 2513 vidit
1280 2479 1512 2521 Hirschfeld).
1529 2499 1574 2506 —
1601 2482 1633 2523 1)
1657 2480 1718 2514 Sic
1733 2481 1903 2514 dubitans
1920 2481 2009 2525 legit

299 2536 520 2579 Hirschfeld,
551 2538 783 2581 intellegens.-
815 2537 910 2570 mille
933 2547 1068 2580 passus,
1101 2547 1133 2580 p.
1160 2546 1193 2578 p.
1220 2536 1308 2578 legit
1334 2536 1467 2570 Gurlitt
1491 2537 1651 2571 Jahresh.
1677 2537 1710 2570 d.
1737 2540 1882 2571 vestm.
1907 2539 2009 2574 arch.

299 2595 384 2628 Inst.
410 2595 446 2627 ΙΙ
469 2595 554 2628 1899
578 2595 668 2628 Anz.
690 2606 726 2637 p.
747 2597 800 2628 90.

411 2684 527 2731 3303
568 2688 607 2727 in
631 2687 669 2726 Ιι.
693 2688 729 2727 d.
753 2687 788 2726 d.
816 2686 822 2740 Ι
849 2686 1011 2726 Volkan.
1040 2684 1046 2739 Ι
1073 2697 1227 2726 sacrum
1256 2685 1261 2739 Ι
1287 2685 1414 2725 vicani
1441 2684 1448 2740 Ι
1476 2682 1714 2740 Murrenlses
1733 2698 1767 2725 v.
1788 2698 1819 2726 s.
1841 2686 1864 2726 l.
1887 2699 1940 2726 m.

415 2754 624 2796 Benningen
650 2753 929 2795 (Wiirtemberg,
956 2754 1007 2785 ibi
1022 2753 1084 2785 ubi
1100 2751 1146 2786 Ν.
1163 2752 1267 2796 2604)
1291 2762 1377 2795 rep„
1403 2754 1455 2784 est
1478 2751 1663 2794 Stuttgart
1686 2751 1904 2795 (Brambacli
1920 2753 2010 2788 1595

299 2810 418 2849 vidit).

415 2889 528 2935 3304
578 2875 754 2931 Volkano
782 2888 787 2945 Ι
815 2897 853 2930 et
883 2890 1019 2942 Erquli
1047 2889 1051 2944 Ι
1081 2889 1121 2930 C.
1155 2889 1370 2930 Cassielcus
1395 2887 1400 2942 Ι
1428 2889 1612 2929 Martialis
1638 2888 1643 2941 Ι
1671 2896 1773 2930 voto.

417 2957 527 2999 Prope
553 2956 669 2990 lacum
697 2957 899 2991 Verbanum
925 2956 964 2999 (l.
989 2956 1209 2999 Maggiore),
1232 2957 1271 2989 in
1294 2957 1372 2988 vico
1396 2955 1550 2989 Besozzo
1577 2955 1633 2998 (V
1640 2956 1728 2990 5510
1753 2957 1805 2989 bis
1828 2956 2007 3000 descripta

299 3022 390 3045 saec.
409 3012 705 3058 XVII—XVIII).
