2092 3360
299 149 380 190 176
1041 147 1161 194 caput
1183 147 1248 183 XI.

293 266 427 307 giores‚
455 262 610 303 sortasse
631 272 700 305 pro
726 262 885 295 terminis
909 264 1013 294 erant
1042 262 1170 304 quibus
1201 272 1287 295 area
1312 261 1449 295 Dusari
1471 266 1615 296 sacrata
1640 263 1942 307 distinguebatur.
1965 283 2012 291 -

297 321 455 353 Dusares
479 319 565 352 deus
581 319 741 351 Arabum
765 320 985 351 memoratur
1001 318 1044 350 ab
1062 317 1202 351 Isidoro
1220 317 1444 358 (Characeno
1453 321 1485 361 Γ)
1504 330 1561 363 ap.
1578 320 1794 364 Hesychium
1815 331 1844 355 s.
1860 331 1893 355 v.
1917 322 2012 358 Aev-

299 374 442 423 σάρην,·
484 374 630 409 Tertull.
661 374 753 417 apol.
778 375 841 417 24,
879 374 927 407 ad
956 377 1030 408 nat.
1055 374 1098 417 2,
1121 376 1156 415 8,
1193 374 1375 418 Stephano
1405 376 1494 419 Byz.
1527 387 1555 410 s.
1580 387 1629 420 v.,
1665 378 1748 411 aliis
1778 376 1843 422 (cll
1873 377 2012 411 Mor-dt·

297 443 406 466 mann
429 429 646 471 Zeitsclzrift
668 431 732 464 der
756 431 945 464 deutschen
968 430 1143 473 morgenl.
1172 430 1355 465 Gesellsch.
1379 431 1465 466 4875
1487 443 1524 476 p.
1546 433 1642 477 405),
1674 437 1864 476 praeterea
1892 435 1933 468 in
1957 437 2013 468 in-

297 489 494 531 scriptione
516 487 713 520 Puteolana
738 486 936 521 Nabataeis
959 487 1090 520 litteris
1113 489 1251 531 scripta
1277 487 1544 529 (Gildemeister
1566 490 1742 526 Zeitscllr.
1766 490 1798 527 d.
1822 490 2012 525 deutschen

297 545 470 587 morgenl.
487 541 721 583 Gesellsclzas't
736 544 796 586 25,
812 544 897 578 4869
909 555 945 588 p.
962 544 1056 587 454),
1081 544 1235 587 denique
1250 546 1290 577 in
1305 546 1613 588 inscriptionibus,
1639 556 1727 589 quas
1743 546 1858 580 edidit
1872 547 2013 590 Euting

296 601 546 634 nabataeisclze
569 599 787 640 Inschriften
811 611 878 634 aus
900 602 1060 634 Arabien
1083 611 1117 644 p.
1135 602 1193 635 25.
1208 602 1267 636 50.
1282 602 1338 636 42.
1354 602 1495 635 48-64.
1542 601 1640 635 Ludi
1663 599 1860 650 Δουσάρια
1883 613 2014 638 momo-

296 661 429 691 rantur
451 659 492 691 in
515 659 668 690 nummis
691 657 954 691 Bostranorum
979 660 1013 690 et
1039 657 1315 691 Hadraenorum
1340 657 1494 699 (Ecklzel
1513 659 1550 699 5,
1565 659 1660 703 504).

410 859 521 907 4351
557 865 636 910 (sub
652 870 786 910 statua,
810 868 914 900 cuius
929 878 1002 901 non
1018 871 1211 911 supersunt
1226 870 1300 902 nisi
1311 868 1436 912 pedes)
1462 862 1624 905 domino
1647 865 1751 905 Osiri
1778 862 1784 918 Ι
1812 861 1889 921 [0.]
1914 863 2012 904 Gar-

298 931 470 983 gennius
501 931 568 983 Sp.
600 931 625 970 f.
659 930 742 970 Sca.
766 930 958 972 Maximus
985 928 991 986 Ι
1017 937 1227 973 veteranus
1259 934 1422 975 nomine
1453 934 1584 975 fratris
1614 933 1675 974 sui
1701 930 1707 988 Ι
1734 932 1785 972 Μ.
1808 932 2012 984 Gai-genui

301 999 370 1052 Sp.
401 999 427 1038 f.
459 999 546 1038 Sca.
577 998 743 1038 Macrini
773 1000 962 1039 veterani.

411 1076 526 1123 4352
571 1089 650 1128 (sub
674 1090 817 1121 statuae
846 1088 932 1121 deae
955 1089 1083 1122 mutila
1093 1101 1106 1130 ,·
1141 1090 1285 1123 videtur
1315 1090 1382 1123 dea
1411 1093 1451 1124 in
1476 1091 1632 1134 lugentis
1661 1089 1804 1123 modum
1828 1089 2014 1122 brachium

297 1154 368 1186 sin.
389 1161 488 1193 genu
512 1153 799 1194 superposuisse;
821 1161 950 1184 manus
974 1152 1104 1185 dextra
1127 1153 1246 1195 spicas
1270 1153 1426 1198 tenebat)
1452 1145 1669 1205 d0m[in]ae
1685 1147 1775 1188 Isidi
1792 1147 2013 1204 TaposirPJ

301 1215 340 1256 C.
364 1215 614 1267 Gargennius
646 1215 713 1267 Sp.
745 1216 772 1254 s.
804 1215 889 1255 Sca.
912 1215 1102 1256 Maximus
1131 1222 1341 1257 veteranus
1368 1215 1373 1271 Ι
1401 1217 1564 1257 nomine
1594 1216 1725 1257 fratris
1755 1216 1815 1256 sui
1845 1215 1897 1256 Μ.
1915 1215 2013 1256 Gar-

301 1283 422 1336 genni
454 1283 522 1335 Sp.
553 1284 580 1322 f.
612 1283 698 1323 Sca.
720 1283 886 1323 Macrini
917 1283 1105 1323 veterani.

411 1349 579 1382 Faesulis
603 1360 679 1392 rep.
704 1361 736 1383 a.
754 1351 854 1391 4885,
879 1350 978 1383 bases
996 1350 1087 1383 duae
1103 1361 1324 1384 marmoreae
1342 1351 1412 1395 (XI
1425 1352 1523 1386 4545.
1537 1351 1621 1385 4544
1644 1351 1811 1384 viderunt
1826 1350 2012 1384 Bor-mann

299 1409 333 1439 et
351 1407 499 1448 Helbig;
523 1405 571 1446 cf.
599 1405 812 1439 Gamurrini
835 1405 978 1439 Notizie
1003 1407 1101 1449 degli
1123 1409 1222 1440 scavi
1244 1408 1335 1442 4885
1355 1419 1391 1451 p.
1408 1407 1479 1452 76).
1502 1427 1548 1432 --
1573 1409 1607 1449 1)
1635 1407 1818 1450 Taposiris
1842 1407 2013 1451 oppidum

298 1463 457 1507 Aegypti
481 1463 590 1506 (Plin.
615 1464 648 1496 Ιι.
665 1473 701 1498 n.
718 1463 773 1505 27,
788 1464 853 1509 55.
870 1463 930 1504 52,
947 1463 1021 1497 400.
1047 1464 1140 1498 Ptol.
1155 1465 1187 1507 4,
1202 1465 1236 1505 5,
1252 1465 1298 1499 54
1305 1477 1319 1506 ,·
1352 1465 1441 1498 duos
1464 1466 1562 1498 vicos
1584 1464 1740 1497 eiusdem
1763 1465 1920 1497 nominis
1942 1474 2014 1497 me-

298 1523 419 1553 morat
441 1519 570 1553 Strabo
593 1519 634 1553 47
657 1531 691 1562 p.
713 1521 789 1553 799.
812 1519 908 1563 800),
940 1522 1004 1553 ubi
1030 1520 1161 1554 Osirim
1191 1521 1369 1564 sepultum
1400 1533 1471 1554 esse
1502 1520 1603 1561 fama
1635 1524 1717 1554 erat
1748 1520 1946 1562 (Plutarch.
1971 1520 2014 1554 de

299 1577 344 1610 Is.
369 1579 406 1609 et
432 1576 522 1610 Osir.
545 1587 581 1619 p.
603 1578 699 1619 359⁰,
736 1576 938 1619 Stephanus
961 1577 1050 1620 Byz.
1074 1589 1102 1610 s.
1126 1588 1158 1611 v.
1187 1573 1408 1625 Ταφόσιρις,
1440 1579 1589 1622 Procop.
1613 1578 1655 1611 de
1678 1575 1789 1617 aedis'.
1811 1579 1844 1619 6,
1868 1577 1887 1611 4
1911 1575 2014 1622 lim),-

299 1633 367 1666 Isis
390 1635 472 1676 ipsa
495 1634 549 1665 ita
573 1634 759 1666 nominata
781 1635 969 1675 praeterea
993 1643 1067 1666 non
1090 1637 1281 1677 reperitur.

411 1733 525 1779 4353
555 1748 628 1788 pro
650 1736 775 1776 salute
797 1735 936 1775 domus
952 1736 1138 1788 Augusti¹
1166 1734 1172 1792 Ι
1200 1750 1246 1776 ex
1264 1749 1433 1790 corpore
1455 1736 1752 1789 pausariorum²
1771 1743 1811 1777 et
1835 1734 1842 1792 Ι
1869 1748 2012 1789 argen-

300 1804 491 1844 tariorum
522 1803 613 1843 Isidi
641 1800 646 1857 Ι
674 1809 713 1843 et
743 1803 845 1843 Osiri
878 1804 1126 1844 mansionem
1154 1801 1159 1858 Ι
1187 1804 1486 1845 aedificavimus.

413 1869 546 1903 Romae
573 1870 643 1910 (VI
663 1870 731 1904 548
755 1869 803 1910 cf.
825 1870 938 1904 50745
971 1870 1236 1914 descripserunt
1261 1871 1459 1915 complures
1482 1872 1555 1904 viri
1578 1871 1675 1904 docti
1696 1880 1788 1904 saec.
1812 1869 1943 1914 XVII).
1967 1888 2013 1894 —

303 1929 334 1968 1)
359 1926 420 1960 Sic
438 1937 527 1970 pars
551 1930 759 1969 auctorum,
795 1927 972 1969 Augustae
996 1928 1075 1961 alii.
1113 1946 1158 1953 —
1193 1929 1228 1969 2)
1254 1926 1309 1967 Gr.
1332 1927 1435 1968 infra
1470 1927 1516 1961 N.
1539 1927 1635 1970 4445,
1667 1930 1702 1960 et
1729 1929 1918 1971 praeterea
1946 1928 2012 1962 vit.

303 1983 427 2018 Carae.
449 1984 482 2023 9,
500 1983 552 2026 44,
586 1984 678 2017 Pesc.
706 1982 811 2025 Nigr.
836 1984 868 2025 6,
884 1985 916 2017 9.

414 2040 464 2072 Isi
487 2044 520 2072 et
547 2039 641 2072 Osiri
659 2042 808 2083 praeter
833 2040 896 2072 lzos
920 2040 1047 2072 titulus
1066 2039 1220 2073 Latinus
1243 2041 1429 2074 dedicatus
1453 2044 1504 2074 est
1525 2040 1668 2075 Veleiao
1683 2040 1738 2074 XI
1749 2040 1843 2076 4460.
1882 2039 2013 2074 Memo-

300 2099 409 2130 ratur
435 2096 549 2129 Osiris
573 2099 679 2130 etiam
704 2095 806 2137 infra
831 2095 877 2130 N.
892 2096 975 2130 4447
998 2098 1038 2130 in
1062 2099 1170 2131 inser.
1194 2097 1389 2139 sepulcrali
1413 2097 1450 2131 V
1447 2098 1467 2130 I
1478 2097 1587 2132 20646
1604 2112 1647 2125 =
1667 2097 1773 2131 Orell.
1788 2096 1881 2131 4766.

414 2196 528 2243 4354
587 2199 677 2240 Isidi
705 2197 710 2255 Ι
738 2199 974 2251 frugiferae¹
1002 2196 1007 2253 Ι
1035 2229 1184 2240 ......
1188 2199 1202 2220 ²
1233 2203 1319 2249 (duo
1339 2203 1465 2250 pedes)
1498 2230 1637 2241 .....
1665 2198 1672 2256 Ι
1699 2231 1709 2241 .
1731 2230 1741 2240 .
1763 2199 1792 2239 .²
1828 2200 1979 2240 donum
2004 2196 2009 2254 Ι

304 2266 471 2319 posuit⁸.

413 2332 544 2367 Romae
571 2333 653 2367 olim
677 2336 717 2367 in
734 2334 880 2368 ecclesia
898 2333 935 2367 S.
948 2333 1088 2367 Mariae
1103 2335 1142 2366 in
1158 2334 1337 2377 Arae-oeli,
1360 2336 1424 2367 ubi
1444 2335 1576 2378 pedum
1598 2336 1775 2378 imagines
1791 2335 2013 2368 habebantur·

299 2400 367 2433 pro
391 2392 551 2433 vestigiis
575 2391 713 2434 angeli,
743 2392 904 2430 nuncin
927 2400 1048 2424 museo
1074 2390 1276 2434 Capitolino
1303 2390 1376 2435 (VI
1395 2391 1463 2426 554
1486 2391 1577 2424 vidit
1600 2391 1772 2436 Henzen).
1806 2410 1852 2416 —
1891 2391 1925 2433 1)
1949 2390 2011 2425 See

301 2457 396 2480 unus
412 2447 546 2480 alterve
570 2457 692 2480 eorum
718 2449 781 2490 qui
803 2457 895 2481 saec.
911 2446 999 2481 XVI
1018 2449 1287 2491 inscriptionem
1311 2449 1492 2491 viderunt,
1515 2458 1628 2491 neque
1643 2448 1751 2481 aliter
1773 2446 1852 2488 fere
1867 2447 2012 2481 Henzen

303 2502 595 2547 (FRVGHERAE).
619 2523 664 2528 —-
689 2506 723 2545 2)
749 2503 933 2538 Nonnulla
957 2506 1191 2537 evanuerunt.
1215 2522 1262 2528 -—
1286 2505 1320 2547 3)
1345 2504 1438 2537 Haec
1462 2506 1535 2537 iam
1559 2503 1710 2537 evanida
1734 2514 1781 2537 ex
1804 2505 2012 2538 auctoribus

301 2570 391 2593 saec.
414 2561 507 2594 XVI.

415 2658 528 2704 4355
569 2661 659 2701 lsidi
686 2661 847 2714 reginae
873 2660 879 2717 Ι
907 2665 994 2706 (duo
1017 2664 1143 2707 pedem
1164 2664 1290 2709 paria)
1318 2659 1332 2718 ΙΙ
1353 2660 1392 2701 C.
1417 2660 1675 2712 Sempronius
1696 2658 1922 2716 Crhyselros
1941 2673 2010 2701 vo-

305 2733 386 2767 tum
418 2727 563 2768 solbuit
584 2735 679 2775 (sic).

416 2793 563 2827 Lavinii
587 2795 799 2834 (Tomasetti
823 2794 968 2828 Notizie
992 2795 1090 2837 degli
1110 2796 1211 2828 scavi
1233 2794 1320 2828 4895
1343 2804 1377 2836 p.
1395 2795 1491 2835 549).

416 2894 532 2941 4356
593 2898 682 2938 isidi
712 2895 918 2954 reg[inae],
954 2896 959 2953 Ι
995 2898 1046 2938 ob
1078 2898 1239 2939 remissa
1269 2898 1391 2938 exac.¹
1426 2895 1433 2951 Ι
1468 2896 1608 2949 inliga²
1640 2895 1823 2954 populo!
1857 2910 1883 2940 a
1907 2909 2008 2938 max.

307 2963 485 3015 imperat.
514 2963 520 3018 Ι
547 2965 691 3006 Severo
723 2973 762 3006 et
787 2967 977 3006 Antonin.
1005 2964 1012 3021 Ι
1039 2967 1179 3019 Augg„
1206 2965 1212 3019 Ι
1239 2965 1281 3006 C.
1303 2964 1522 3006 Subulnius
1543 2961 1766 3020 Falustinus
1794 2976 1829 3003 v.
1850 2976 1882 3004 s.
1907 2963 1934 3003 l.
1955 2975 2008 3004 m.

416 3029 624 3065 Florentiae
647 3043 722 3075 rep.
747 3033 795 3065 ad
817 3033 853 3067 S.
870 3032 1052 3066 Florentii
1077 3032 1147 3077 (XI
1166 3033 1254 3067 4585
1277 3031 1370 3065 vidit
1385 3029 1598 3075 Bormann).
1644 3031 1780 3065 Eodem
1804 3030 1881 3065 loco
1903 3029 2011 3064 mum
