2092 3360
564 140 680 178 Tituli
702 141 799 179 sacri
822 144 860 178 et
883 142 1127 179 sacerdotum.
1152 163 1197 169 —
1221 141 1394 189 Iuppiter.
1794 144 1846 181 11

244 253 359 301 3055
408 256 542 309 fulgur
566 256 574 306 Ι
600 257 728 298 divom
755 255 762 312 Ι
788 257 1006 298 conditum.

245 321 420 357 Nemeam·
444 323 532 368 (XII
551 325 644 359 3048
670 324 766 358 vidit
789 322 1026 369 Hirschfeld).

240 400 359 448 3056
406 403 455 445 dc
485 404 594 445 caclo
620 403 627 458 Ι
652 410 800 445 tactum
827 402 833 459 Ι
861 410 900 445 et
924 403 931 459 Ι
959 384 1187 445 conditums

246 470 425 514 Opitergii
447 470 504 512 (V
513 471 599 506 4965
622 470 669 511 cll
691 483 727 515 p.
744 472 828 507 4066
852 473 958 505 habet
980 471 1078 505 solus
1105 472 1344 506 Valvasonius
1368 475 1498 506 auctor
1524 471 1612 513 fidei
1634 473 1848 517 suspectae).

243 547 358 595 3057
406 550 487 591 lovi
513 550 520 604 Ι
546 563 742 592 summan.
770 550 775 607 Ι
803 552 848 591 Τ.
871 549 1073 606 Caecililus
1101 549 1106 605 Ι
1133 552 1281 593 Sextio.

245 616 420 659 Veronae,
444 618 509 651 sed
528 616 684 658 fortasse
708 618 799 652 alibi
821 629 894 662 rep.
921 618 977 659 (V
993 619 1087 653 5256
1111 619 1206 653 vidit
1228 619 1450 662 Mommsen).

241 693 359 741 3058
405 710 440 737 v.
472 711 503 739 s.
533 697 559 738 l.
591 711 641 742 m.
675 698 756 739 Iovi
796 696 909 754 allto¹
948 696 1169 754 summlano
1199 697 1435 754 Felicilanus
1466 701 1587 741 Primi
1618 714 1653 741 v.
1684 715 1715 742 s.
1746 701 1848 751 culm

126 764 209 805 suis
233 763 240 819 Ι
267 765 304 805 d.
335 765 373 806 d.
404 766 442 806 d.

242 831 425 875 Bar-zano,
447 834 544 866 inter
569 832 715 867 Comum
739 836 774 867 et
788 833 1004 877 Bergomum
1029 833 1087 874 (V
1094 834 1180 867 5660
1204 834 1297 868 vidit
1314 834 1537 876 Mommsen).
1554 855 1599 861 -
1626 838 1658 877 1)
1683 836 1744 870 Sic
1760 836 1848 879 legit

127 886 345 930 Mommsen5
367 889 427 923 alt.
453 892 500 923 to.
525 889 615 933 legit
636 889 755 923 Labus
779 890 1064 933 explicavitque:
1088 890 1309 925 altitonanti.

240 967 356 1014 3059
405 970 679 1010 Summanium
709 970 843 1023 fulgur
867 968 874 1024 Ι
902 971 1118 1011 conditum.

244 1035 377 1070 Romae
398 1039 439 1070 in
460 1036 652 1080 Esquilino
675 1048 751 1080 rep.
778 1036 847 1078 (VI
868 1038 986 1072 50880
1001 1053 1046 1065 =
1063 1036 1211 1071 Notizie
1235 1038 1333 1081 degli
1355 1042 1455 1071 soavi
1477 1039 1564 1073 4880
1585 1050 1623 1082 p.
1638 1039 1732 1084 465).

241 1115 357 1162 3060
403 1117 434 1157 Ι.
465 1129 502 1157 o.
533 1129 585 1157 m.
613 1115 619 1173 Ι
645 1119 798 1159 auctori
823 1117 831 1174 Ι
856 1118 1054 1160 bonarum
1079 1118 1086 1173 Ι
1114 1117 1450 1175 ΤθωρεεΙωῑίυω,
1479 1118 1484 1173 Ι
1511 1120 1594 1162 Val.
1617 1120 1761 1161 Iustus.

242 1183 286 1217 In
309 1184 512 1227 Aquitania
535 1184 614 1218 loco
638 1185 735 1219 dicto
758 1185 913 1219 Lescure
938 1185 1044 1227 (XIII
1062 1188 1084 1221 6
1109 1186 1221 1220 deser.
1245 1186 1409 1228 Allmer).

239 1262 354 1309 3061
398 1265 479 1306 lovi
500 1278 537 1305 o.
558 1278 610 1305 m.
638 1265 645 1319 Ι
670 1266 981 1319 Tempestatium
1007 1266 1014 1322 Ι
1041 1267 1261 1307 divinarum
1288 1267 1295 1321 Ι
1321 1267 1488 1320 potenti,
1516 1266 1523 1322 Ι
1549 1267 1625 1320 leg.
1647 1268 1700 1307 111
1722 1261 1846 1321 Aug.l

127 1331 334 1373 dedicante
359 1331 368 1387 Ι
395 1333 442 1380 Q.
463 1333 585 1375 Fabio
607 1333 801 1374 Catullino
828 1335 835 1385 Ι
861 1334 936 1386 leg.
958 1336 1059 1387 Aug.
1090 1347 1150 1388 pr.
1182 1336 1258 1388 pr.²

239 1399 355 1442 Prope
386 1399 609 1434 Lambaesim
632 1411 706 1444 rep.
739 1400 848 1445 (VIII
867 1402 955 1436 2609
980 1402 1072 1435 vidit
1093 1401 1254 1446 Benier).
1278 1421 1322 1427 —
1353 1401 1430 1437 Una
1454 1405 1619 1446 repertus
1642 1405 1694 1435 est
1717 1403 1845 1437 titulus

121 1455 296 1498 gemellus
311 1456 496 1490 dedicatus
514 1458 639 1492 Ventis
663 1459 840 1491 bonarum
860 1457 1137 1501 Tempestatium
1151 1460 1357 1501 potentibus
1375 1458 1488 1503 (VIII
1499 1459 1616 1503 2640).
1635 1478 1674 1484 —-
1704 1461 1737 1501 1)
1758 1460 1847 1494 Vide

125 1511 309 1556 supraN.
323 1513 415 1548 2487
436 1517 510 1548 not.
527 1514 582 1548 48.

239 1603 356 1651 3062
402 1605 484 1646 lovi
514 1607 663 1660 optimc
693 1607 863 1647 maximo
890 1606 895 1662 Ι
923 1607 1150 1657 caelestino,
1183 1607 1361 1648 fontibus
1382 1613 1421 1648 ct
1447 1606 1454 1661 Ι
1484 1607 1682 1648 Minervae
1704 1614 1743 1648 et
1764 1608 1846 1649 col-

124 1672 229 1725 legio
255 1672 262 1722 Ι
288 1673 548 1724 sanctissimo,
580 1675 686 1727 quod
707 1674 899 1731 cons'isltit
927 1677 968 1716 in
1000 1676 1158 1729 praedis
1178 1675 1293 1716 Larci
1313 1672 1572 1729 Maceldonis¹
1599 1673 1606 1729 Ι
1632 1676 1674 1716 in
1697 1676 1843 1725 curia‚!

124 1739 281 1782 Flavius
300 1741 516 1783 Successus
538 1755 627 1783 cum
659 1745 754 1786 suis.
794 1750 854 1791 (In
871 1752 980 1793 parte
1000 1749 1158 1794 postica)
1183 1745 1229 1785 T.
1252 1744 1406 1785 Flavius
1432 1743 1439 1799 Ι
1467 1744 1683 1785 Successus
1710 1743 1717 1799 Ι
1743 1745 1781 1784 d.
1808 1745 1845 1784 d.

128 1806 190 1851 (In
213 1808 327 1842 latere
350 1809 480 1843 deoelro
503 1809 670 1844 Minerva
696 1813 813 1846 libans
835 1812 887 1846 ad
909 1822 1030 1853 aram,·
1063 1813 1103 1845 in
1127 1813 1276 1845 sinistro
1299 1812 1434 1852 fluvius
1456 1822 1574 1844 urnae
1597 1812 1779 1853 innixus).

241 1863 372 1898 Romae
395 1876 469 1910 rep.
499 1870 599 1901 retro
623 1869 809 1902 ecclesiam
833 1869 870 1903 S.
893 1869 1069 1902 Balbinae
1094 1870 1151 1909 (in
1174 1867 1383 1914 Aventino),
1412 1878 1508 1901 nunc
1537 1867 1662 1903 Urbini
1692 1870 1708 1908 (
1712 1868 1765 1902 VI
1783 1870 1847 1902 404

129 1918 178 1960 cf.
193 1920 305 1956 30756
328 1922 421 1956 vidit
439 1924 620 1959 Bor-mann
645 1925 789 1958 titulum
814 1924 980 1970 frontis).
1003 1944 1045 1950 —
1074 1927 1106 1967 1)
1132 1925 1287 1959 Videtur
1310 1936 1382 1957 esse
1406 1925 1500 1957 idem
1524 1926 1586 1967 qui
1608 1923 1685 1964 fuit
1706 1925 1847 1967 legatus

129 1976 294 2011 Galatiae
317 1989 412 2012 anno
428 1979 498 2014 422
522 1983 557 2013 et
576 1984 703 2023 postea
728 1982 854 2015 consul
877 1981 942 2022 (cf.
968 1983 1183 2025 Prosopogr.
1208 1984 1293 2024 imp.
1319 1981 1417 2014 Rom.
1441 1991 1469 2014 s.
1493 1980 1557 2024 v).
1601 1976 1605 1978 ἡ

239 2066 356 2113 3063
406 2070 509 2110 lovi¹
537 2068 543 2124 Ι
569 2073 822 2124 propagatori
849 2072 856 2127 Ι
883 2073 1152 2113 conservatori
1187 2071 1194 2127 Ι
1227 2079 1267 2113 et
1297 2072 1424 2113 Genio
1455 2072 1590 2121 fontis,
1617 2071 1624 2126 Ι
1659 2078 1844 2125 excepto-

127 2137 229 2176 rium
256 2136 263 2191 Ι
290 2137 395 2189 quod
434 2134 492 2192 [12.
513 2134 722 2195 F]i[9]ilius
747 2138 755 2194 Ι
782 2139 891 2181 Felix
921 2153 954 2180 v.
987 2140 1040 2180 e.²
1075 2147 1186 2194 pater
1220 2139 1227 2194 Ι
1263 2141 1446 2190 extruxit,
1481 2142 1487 2192 Ι
1521 2136 1744 2197 [F]i[9]ilius
1774 2141 1845 2181 Se-

126 2203 318 2258 cunldus³
347 2205 452 2247 filius
478 2207 484 2257 Ι
510 2219 544 2247 ν.
574 2220 606 2248 s.
637 2208 662 2248 l.
694 2221 728 2248 a.

242 2272 284 2306 In
314 2271 487 2306 Numidia
515 2284 628 2317 prope
658 2274 883 2308 Lambaesim
918 2274 1027 2316 (VIII
1046 2275 1133 2308 4294
1153 2285 1192 2318 p.
1209 2276 1275 2309 956
1300 2277 1353 2308 bis
1382 2279 1424 2309 ut
1448 2275 1590 2308 videtur
1618 2275 1675 2308 vel
1704 2278 1760 2308 ter
1784 2275 1841 2309 de-

123 2328 289 2373 scrIpta).
305 2347 351 2354 —
377 2330 410 2372 1)
435 2329 496 2363 Sic
518 2340 613 2364 unus
636 2334 775 2375 auctor,
799 2358 809 2367 .
823 2357 832 2366 .
847 2358 856 2366 .
873 2341 894 2365 o
909 2357 917 2366 .
932 2356 963 2367 ..
987 2331 1131 2375 reliqui.
1154 2350 1198 2356 —
1222 2333 1258 2374 2)
1286 2333 1353 2367 Vir
1376 2334 1563 2375 egregius,-
1587 2333 1660 2365 nisi
1683 2331 1780 2372 forte
1804 2334 1843 2365 in

125 2385 247 2428 lapide
268 2383 346 2425 fuit
368 2389 436 2419 vet.
462 2388 696 2431 (veteranus).
721 2408 765 2413 —
790 2390 824 2430 3)
848 2388 945 2422 Idem
969 2388 1073 2422 homo
1097 2388 1242 2422 videtur
1263 2391 1459 2422 memorari
1485 2389 1574 2423 VIII
1594 2389 1696 2423 2654.

238 2464 354 2512 3064
400 2467 504 2507 lovei
541 2481 642 2508 saer·
673 2472 733 2513 (In
753 2474 910 2518 postica)
942 2470 1045 2511 hanc
1075 2482 1182 2510 aram
1208 2467 1216 2524 Ι
1242 2482 1292 2510 ne
1324 2469 1411 2522 quis
1441 2469 1607 2510 dealbat.
1649 2473 1708 2517 (ln
1733 2474 1844 2508 latero

124 2539 283 2572 intuenti
305 2538 453 2582 dextro)
478 2534 530 2576 M.
551 2535 727 2577 Blossius
755 2535 806 2576 Μ.
837 2536 862 2576 l.
893 2538 1018 2590 Agato
1046 2535 1052 2591 Ι
1080 2541 1298 2586 (sequuntur
1322 2542 1396 2576 alia
1420 2544 1567 2575 nomina
1593 2542 1843 2576 libertinorum

125 2600 242 2634 decem
263 2627 272 2637 .

237 2601 385 2701 {Iapuae
408 2658 506 2700 olim,
530 2669 627 2692 nunc
649 2658 804 2703 Neapoli
829 2658 867 2702 (I
885 2659 960 2693 574.
985 2659 1020 2694 X
1038 2660 1129 2695 3785
1154 2660 1292 2694 mese-121
1315 2662 1386 2694 tab.
1404 2661 1568 2704 LXIVe).

238 2735 352 2782 3065
401 2737 505 2778 lovei
535 2738 727 2780 Leibero¹
759 2753 790 2780 s.
814 2770 823 2779 .
840 2769 850 2779 .
869 2769 878 2779 .

240 2804 284 2837 In
317 2803 460 2838 Sabinis
485 2815 599 2849 prope
631 2809 748 2840 vicum
780 2807 918 2849 Poggio
952 2805 1097 2839 Mirteto
1128 2816 1204 2849 rep.
1239 2807 1446 2851 epistylium
1478 2807 1630 2847 (Jordan
1662 2807 1737 2840 ind.
1764 2807 1842 2842 lect.

126 2860 230 2895 acad.
246 2860 406 2903 Regiam.
423 2861 543 2906 4886l7
553 2872 591 2906 p.
607 2864 633 2897 3
657 2863 844 2907 descripsit
867 2863 1049 2907 parochus
1066 2862 1212 2905 quidam
1227 2865 1389 2905 regionis
1405 2863 1533 2907 illius).
1551 2882 1595 2888 —
1622 2864 1653 2905 1)
1684 2862 1840 2896 Titulum

127 2917 365 2951 dedicationis
389 2918 487 2952 aedis
509 2918 605 2953 Iovis
627 2919 751 2953 Liberi
770 2919 938 2960 Furfane
967 2922 1006 2953 in
1031 2919 1177 2953 Sabinis
1206 2922 1386 2963 repertum
1419 2919 1583 2953 dabimus
1615 2918 1716 2959 infra
1748 2921 1844 2952 inter

127 2976 210 3007 acta
233 2983 350 3009 sacra.
395 2976 585 3009 Praeterea
611 2971 690 3010 Iovi
712 2976 843 3010 Libero
867 2977 1011 3010 videtur
1034 2975 1219 3009 dedicatus
1250 2987 1322 3009 esse
1351 2977 1460 3009 etiam
1484 2975 1614 3009 titulus
1641 2976 1843 3020 Campanus

126 3028 162 3063 Χ
180 3029 280 3065 8786.
323 3029 376 3071 Cf:
401 3031 537 3066 Preller
560 3031 601 3067 Β.
625 3032 739 3077 Mytlz.
765 3034 818 3067 ed.
835 3035 860 3068 5
885 3033 904 3067 Ι
923 3044 958 3076 p.
975 3034 1041 3067 445
1067 3042 1145 3065 cum
1169 3034 1266 3065 notis
1290 3032 1451 3068 Iordani.
