2092 3360
237 144 317 184 396
957 142 1078 187 Caput
1101 141 1203 176 XIII.
1248 109 1252 112 ῃ

349 258 462 304 5620
503 259 545 297 L.
575 258 756 298 Saufeius
783 257 788 310 Ι
824 257 868 296 L.
901 258 926 296 f.
959 256 1092 297 Claud.
1121 255 1126 310 Ι
1163 256 1343 296 Clemens
1370 255 1375 310 Ι
1404 256 1578 296 scholam
1608 262 1648 297 et
1673 254 1679 312 Ι
1704 257 1910 299 solarium¹
1936 255 1942 313 Ι

234 329 487 434 dedlthogar-e*
503 393 542 423 in
559 391 651 424 valle
670 391 865 424 Cadorensi
882 389 950 435 (ch
967 389 1012 424 Ν.
1028 391 1138 433 6622)
1156 400 1230 433 rep.
1249 389 1298 430 (V
1313 389 1398 423 8804
1417 391 1471 423 bis
1487 390 1754 434 descripta).—
1780 393 1814 434 1)
1838 391 1944 427 Simi-

235 450 317 482 liter
340 448 386 481 N.
402 448 504 482 5392.

346 538 457 585 5621
498 540 540 580 Ρ.
563 537 717 597 Maiu[s]
750 540 800 580 M.
833 541 872 589 f..
903 541 946 581 Ρ.
970 541 1092 581 Allius
1122 541 1173 580 M.
1206 541 1232 580 f.
1260 539 1266 596 Ι
1293 542 1416 593 praef.
1447 541 1561 582 solar.
1591 543 1618 582 f.
1650 555 1683 582 c.

346 608 445 640 Inter
461 607 657 640 Aeclanum
674 611 709 640 et
727 607 930 651 Compsam,
949 618 1061 651 prope
1085 606 1201 641 Bacca
1219 607 1255 642 S.
1271 607 1405 650 Felice,
1430 608 1524 651 lapis
1547 609 1676 652 longus
1699 611 1817 652 magis
1840 620 1945 653 quam

233 665 337 705 altus,
366 664 499 697 litteris
520 664 686 707 pulchris
712 668 745 697 et
769 666 929 707 antiquis
954 663 1024 709 (IX
1044 664 1131 698 4027
1155 665 1248 697 vidit
1271 665 1444 709 Dressel).

347 756 461 803 5622
499 758 538 797 in
562 758 755 797 honorem
783 759 790 809 Ι
819 754 1041 814 [Neronis]¹
1066 758 1199 798 Claudi
1227 756 1232 812 Ι
1262 757 1438 798 Caesaris
1458 759 1623 811 Augusti
1652 757 1657 814 Ι
1685 758 1909 799 Germanici
1937 755 1943 809 Ι

233 828 322 868 Sex.
354 827 534 867 Paeticus
566 826 614 873 Q.
640 827 667 865 f.
697 824 701 879 Ι
729 826 886 866 Tertius
918 832 956 865 ct
982 823 988 880 Ι
1017 826 1057 866 C.
1082 826 1262 866 Paeticus
1293 826 1381 866 Sex.
1405 827 1431 865 f.
1460 824 1465 881 Ι
1493 826 1647 868 Firmus
1675 825 1680 881 Ι
1707 826 1942 879 horilogium

234 908 325 936 cum
357 895 517 935 sedibus
544 892 549 949 Ι
576 895 740 947 paganis
772 894 1032 935 Laebactibus
1061 892 1066 949 Ι
1094 895 1302 934 dederunt.

347 962 462 996 Castel
485 961 651 994 Lavazzo
684 962 723 993 in
748 961 840 993 valle
866 961 1064 995 Cadorensi
1098 961 1210 1005 (inter
1233 961 1423 994 Bellunum
1448 964 1483 993 et
1507 962 1611 994 Pieve
1637 962 1675 995 di
1692 961 1856 1004 Cadere),
1885 963 1947 994 ubi

230 1018 307 1059 fuit
317 1029 436 1062 pagus
456 1019 687 1052 Laebactium
706 1019 725 1058 (
725 1018 762 1052 V
770 1018 864 1052 2055
880 1020 1023 1062 saepius
1040 1019 1218 1061 descripta
1236 1029 1257 1051 a
1275 1029 1367 1052 saec.
1384 1018 1450 1051 XV
1465 1018 1514 1050 ad
1529 1019 1676 1051 initium
1691 1027 1783 1052 saec.
1795 1016 1946 1062 XVIII).

230 1095 274 1101 -—
301 1077 334 1117 1)
360 1075 582 1109 Vocabulum
607 1085 749 1107 erasum
774 1086 846 1107 esse
866 1085 955 1117 pars
979 1079 1171 1108 auctorum
1195 1076 1393 1118 significat.

345 1167 459 1213 5623
499 1168 548 1208 Μ.
573 1168 652 1207 Val.
684 1168 735 1207 M.
761 1168 787 1207 f.
811 1167 924 1214 Quir.
945 1165 1167 1223 Marc[ellus
1196 1170 1292 1215 aed„
1322 1165 1441 1225 II]vir
1471 1168 1618 1207 munic.
1641 1162 1916 1223 Aurgi[tani]¹,
1938 1172 1944 1220 Ι

231 1243 394 1290 accepto
426 1237 513 1277 loco
536 1249 556 1276 a
578 1236 770 1289 republic.
793 1235 1045 1287 horologium
1067 1237 1174 1276 omni
1209 1233 1383 1292 [inpensa
1412 1250 1483 1277 sua
1510 1237 1621 1277 editis
1651 1233 1766 1291 ludis]
1790 1235 1948 1275 circen-

230 1305 340 1346 sibus
371 1312 410 1345 et
439 1306 540 1345 ludis
572 1304 763 1345 scaenicis
796 1299 848 1359 [d.
880 1300 947 1360 d.].

349 1372 456 1405 Tucci
482 1371 652 1415 (Marios)
678 1373 719 1404 in
743 1371 890 1404 Baetica
916 1371 969 1410 (11
993 1371 1078 1405 4685
1103 1371 1196 1404 vidit
1219 1372 1412 1412 Huebner).
1440 1390 1485 1395 ——
1513 1372 1544 1413 1)
1571 1369 1624 1409 Cf.
1650 1369 1695 1404 N.
1711 1370 1810 1404 5657.

345 1452 458 1499 5624
497 1454 747 1507 horologium
781 1465 871 1493 cum
903 1465 976 1492 suo
1007 1452 1184 1492 aedificio
1217 1458 1266 1514 eL
1289 1450 1294 1507 Ι
1336 1453 1459 1505 signis
1500 1452 1685 1492 omnibus
1715 1458 1754 1491 et
1784 1451 1943 1505 clatrisl

231 1522 271 1562 C.
294 1521 470 1562 Blaesius
501 1522 541 1562 C.
565 1522 617 1562 fil.
642 1521 811 1562 Voltinia
833 1520 977 1561 Gratus
1008 1533 1055 1560 ex
1077 1520 1141 1560 HS
1162 1533 1202 1560 n.
1224 1520 1258 1560 X
1289 1518 1295 1574 Ι
1329 1526 1368 1559 et
1398 1533 1444 1560 eo
1476 1520 1644 1572 amplius
1683 1520 1730 1559 ad
1761 1519 1799 1558 id
1830 1520 1947 1559 horo-

230 1590 379 1643 logium
412 1587 780 1644 adminisltrandum
811 1589 967 1629 serum¹
999 1588 1063 1628 HS
1094 1602 1134 1628 n.
1161 1579 1239 1629 Tffl
1269 1588 1306 1628 d.
1337 1602 1368 1629 s.
1402 1601 1440 1640 p.
1472 1589 1509 1628 d.

353 1656 526 1690 Talloires
545 1667 661 1700 prope
685 1657 835 1700 Amzecy
861 1655 1066 1689 Sabaudiae
1091 1655 1181 1699 (XII
1199 1656 1295 1690 2522
1319 1655 1412 1688 vidit
1428 1653 1660 1698 Hirschfeld).
1677 1674 1722 1679 —
1741 1656 1773 1697 1)
1798 1654 1947 1688 Servum

233 1714 389 1755 (apicem
412 1714 655 1749 geminandae
680 1714 820 1746 litterae
845 1723 953 1746 causa
976 1714 1134 1756 positum
1156 1716 1263 1755 putat
1287 1710 1494 1751 Hirschfeld
1502 1720 1517 1754 ,·
1554 1710 1602 1750 cf.
1627 1710 1672 1747 Ν.
1689 1711 1775 1746 5404
1802 1715 1876 1747 not.
1891 1712 1946 1757 5).

343 1804 455 1851 5625
498 1807 526 1847 l.
550 1820 586 1846 0.
607 1819 660 1846 m.
693 1813 732 1846 et
761 1806 907 1846 Iunoni
938 1805 1063 1857 regin.
1092 1803 1099 1858 Ι
1126 1817 1199 1857 pro
1231 1804 1298 1844 sal.
1330 1804 1424 1857 imp.
1447 1805 1497 1844 M.
1520 1806 1615 1845 Aur.
1646 1802 1853 1860 Anltonini
1884 1805 1943 1846 Pii

231 1878 326 1927 Aug.
351 1881 390 1915 et
416 1873 421 1927 Ι
449 1875 567 1914 Iuliae
594 1877 691 1926 Aug.
723 1875 859 1914 matris
889 1874 1018 1925 Aug.²,
1047 1871 1051 1928 Ι
1079 1873 1130 1912 Μ.
1153 1873 1242 1925 Ulp.
1265 1873 1471 1913 Mucianus
1492 1873 1572 1914 mil.
1594 1873 1669 1925 leg.
1693 1873 1783 1913 Xlll
1804 1873 1914 1914 Gom.
1939 1873 1947 1928 Ι

230 1943 469 1995 horologiar.
499 1943 690 1994 templum
722 1955 742 1981 a
773 1942 858 1982 solo
888 1943 934 1981 de
966 1955 1038 1982 suo
1066 1954 1113 1981 ex
1140 1947 1231 1980 voto
1258 1938 1266 1996 Ι
1291 1941 1397 1989 fecit,
1428 1940 1600 1981 Falcone
1621 1947 1660 1981 et
1681 1941 1794 1981 Claro
1815 1943 1944 1984 cons.²

342 2010 456 2053 Apuli
481 2009 710 2054 (Carlsburg)
736 2011 775 2042 in
799 2009 915 2042 Dacia
942 2008 1015 2052 (III
1028 2008 1111 2042 4070
1129 2007 1175 2048 cll
1196 2019 1232 2051 p.
1249 2008 1338 2042 4590
1362 2010 1417 2040 ter
1432 2011 1474 2040 ut
1488 2007 1633 2041 videtur
1649 2008 1830 2052 descripta
1852 2019 1944 2044 saec.

229 2066 330 2108 XVI,
354 2069 475 2110 partes
490 2069 679 2110 praeterea
703 2076 794 2101 saec.
811 2064 882 2099 XV
880 2065 926 2099 ΙΙ.
943 2064 1093 2109 XVIII).
1117 2084 1163 2089 —
1189 2066 1221 2107 1)
1249 2063 1391 2097 Titulus
1403 2066 1545 2107 positus
1559 2067 1655 2098 inter·
1680 2076 1711 2098 α.
1729 2064 1799 2099 242
1814 2067 1848 2098 et
1862 2065 1940 2100 247.

229 2142 274 2148 -
299 2124 333 2165 2)
360 2124 400 2157 A.
418 2124 483 2158 495
508 2123 591 2167 (hoc
618 2134 712 2156 anno
738 2123 904 2165 templum
929 2125 1050 2154 votum
1075 2133 1148 2154 esse
1169 2123 1276 2164 putat
1300 2120 1486 2165 Momms)

347 2326 460 2374 5626
504 2359 513 2368 .
537 2359 545 2368 .
571 2359 580 2368 .
604 2359 613 2367 .
637 2326 726 2383 [M.]
749 2331 842 2368 Aur.
866 2329 1069 2369 Cominius
1106 2323 1346 2384 Cassia[nus¹
1377 2327 1446 2378 ley.
1478 2327 1623 2380 Auyyy.
1650 2339 1713 2380 pr.
1737 2338 1800 2380 pr.
1831 2338 1862 2366 c.
1892 2323 1942 2382 o.]

230 2398 497 2450 septizonium
528 2396 757 2436 mai-morib.
788 2409 949 2437 musaeo
982 2404 1021 2436 et
1052 2397 1159 2436 omni
1192 2396 1298 2436 cultu
1331 2401 1520 2436 vetustate
1547 2394 1740 2435 dilabsum
1759 2394 1942 2434 restituit.

348 2464 541 2497 Lambaese
578 2465 617 2496 in
653 2465 854 2507 nymphaeo
888 2463 995 2504 (VIII
1014 2464 1103 2498 2657
1129 2462 1176 2503 cs'.
1207 2463 1315 2497 48405
1351 2462 1558 2505 fragmenta
1595 2462 1742 2495 disiecta
1775 2460 1945 2493 viderunt

232 2520 361 2554 Renier
389 2519 591 2554 Wilmanns
616 2520 805 2564 Schmidt).
830 2539 874 2545 —
902 2522 935 2563 1)
960 2519 1013 2560 Cf.
1038 2531 1149 2563 supra
1175 2519 1221 2554 N.
1246 2519 1342 2553 4454.

346 2577 459 2610 Aliud
493 2579 730 2620 septizonium
762 2579 852 2617 (sive
881 2575 1136 2621 septizodium)
1168 2575 1386 2616 Africanum
1421 2578 1583 2610 novimus
1613 2585 1659 2608 ex
1688 2574 1794 2608 titulo
1831 2584 1943 2617 cupra

229 2634 274 2668 Ν.
298 2634 394 2669 5076.
448 2635 722 2677 Inscriptionem
751 2635 945 2677 septizonii
973 2635 1107 2667 urbani
1137 2645 1158 2667 a
1190 2633 1361 2676 Septimio
1394 2632 1523 2667 Severo
1555 2641 1651 2665 armo
1680 2631 1752 2666 205
1783 2633 1944 2664 extructi

229 2692 335 2724 habes
367 2691 418 2724 VI
440 2691 541 2725 4052.
588 2690 642 2723 De
671 2692 880 2733 septizoniis
910 2689 1149 2730 conferendus
1178 2694 1364 2734 praeterea
1395 2690 1437 2723 Ε.
1462 2688 1580 2722 Maau
1611 2688 1668 2721 die
1704 2686 1943 2730 Tagesgoteer

232 2747 343 2791 (Ber-1.
361 2748 464 2790 4902)
491 2758 567 2790 cap.
586 2748 614 2780 I.

347 2905 459 2952 5627
500 2907 541 2948 C.
565 2907 776 2954 Quinctius
808 2907 846 2951 C.
878 2909 905 2947 f.
930 2908 1106 2960 Valgus¹‚
1136 2905 1141 2959 Ι
1168 2907 1218 2947 Μ.
1239 2907 1403 2946 Porcius
1434 2905 1484 2945 M.
1514 2905 1556 2953 f.‚
1588 2905 1737 2944 duovir.
1767 2909 1772 2958 Ι
1800 2905 1938 2958 quinq.

230 2975 398 3014 colonial
432 2976 595 3015 honoris
621 2973 628 3030 Ι
655 2987 792 3016 caussa
823 2975 1071 3028 spectacula²
1101 2976 1149 3014 de
1180 2986 1249 3014 sua
1278 2972 1283 3027 Ι
1310 2979 1398 3025 peq.
1431 2973 1505 3013 fac.
1538 2985 1643 3012 coer.
1672 2979 1710 3012 et
1731 2970 1937 3028 coloncisl

230 3042 360 3081 locum
392 3043 432 3082 in
465 3050 699 3095 perpetuom
730 3044 862 3085 deder.
