2092 3360
268 173 322 212 54
1019 170 1139 216 Caput
1162 169 1226 205 XI.

385 287 499 332 3410
1044 285 1202 334 Sancte,

554 355 610 393 De
641 353 817 401 decuma,
850 352 996 401 Victor,
1026 353 1121 393 tibei
1152 352 1299 394 Lucius
1329 353 1508 395 Munius¹
1545 355 1695 395 donum

553 420 730 461 Moribus
760 420 958 472 antiqueis
988 433 1060 473 pro
1093 421 1238 462 usura²
1274 422 1350 462 hoc
1380 422 1473 462 dare
1503 423 1616 462 sese³
1637 447 1690 454 —

555 489 687 529 Visum
720 489 853 528 animo
884 501 957 529 suo
989 489 1167 542 perfecit,
1198 496 1266 530 tua
1295 491 1416 542 pace⁴
1446 502 1595 542 rogans
1624 497 1663 531 te

513 565 532 596 5
559 556 758 608 Cogendei
790 556 1076 597 dissolvendei⁵
1114 565 1158 597 tu
1188 564 1233 598 ut
1262 558 1388 598 facilia
1418 559 1597 607 faxseis⁶‚

557 624 743 664 Perficias
773 625 980 665 decumam
1013 632 1055 665 ut
1086 627 1202 666 faciat
1231 639 1344 667 verae
1375 626 1576 674 rationis⁷‚

558 693 715 744 Proque
745 693 821 732 hoc
852 699 970 745 atque
1000 694 1108 734 alieis
1138 695 1277 735 doneis
1307 694 1375 734 des
1405 695 1522 746 digna
1554 695 1733 738 merenti.

680 758 801 804 (iuxta
825 760 969 793 videtur
991 762 1170 805 sculptum
1197 760 1311 802 fuisse
1334 760 1584 805 sacrificium).

383 816 488 849 Reate
512 819 595 850 ante
618 816 804 849 ecclesiam
835 817 1075 851 cathedralem
1099 818 1224 858 (1542.
1254 818 1304 852 IX
1318 819 1403 853 4672
1430 818 1542 852 deser.
1565 828 1659 852 saec.
1676 816 1750 852 XV
1767 818 1989 861 Pomponius

270 874 412 916 Laetus,
437 884 458 905 a
478 883 547 916 quo
565 875 780 915 acceperunt
800 873 968 916 plurimi,
993 884 1085 908 saec.
1101 873 1190 908 XVI
1211 875 1411 917 complures
1429 875 1503 907 viri
1518 877 1558 907 in
1574 874 1802 907 describendo
1820 875 1989 908 accurati

270 933 305 963 et
327 931 528 971 exercitati,
553 932 595 962 ut
610 929 805 963 Accursius
822 933 856 963 et
870 931 1051 973 Budaeus,
1075 933 1128 965 ita
1153 934 1196 963 ut
1220 932 1262 964 de
1279 932 1430 964 lectione
1455 930 1619 974 constet).
1655 929 1849 964 Buecheler
1873 941 1985 965 carm.

271 989 384 1030 epigr.
409 997 444 1020 n.
460 988 537 1020 248.
570 1004 616 1011 —
656 987 688 1026 1)
713 985 850 1020 Munius
875 989 938 1029 qui
961 988 1129 1021 viderunt
1152 998 1272 1021 omnes
1303 987 1415 1031 (unus
1444 989 1660 1030 Pomponius
1691 987 1781 1030 quid
1809 989 1877 1021 ltoc
1907 988 1986 1021 loco

271 1043 402 1085 legerit
424 1053 497 1076 non
521 1044 610 1076 satis
630 1043 797 1087 constat),
819 1054 933 1086 neque
955 1045 1161 1078 inauditum
1178 1043 1387 1078 Muniorum
1410 1054 1539 1077 nomen
1562 1046 1602 1077 in
1619 1043 1765 1077 Sabinis
1781 1042 1849 1089 (IX
1864 1043 1993 1087 4274„
2058 1070 2059 1074 ,

272 1099 435 1133 Mummii
450 1110 578 1132 nomen
594 1100 804 1133 introduoeit
824 1102 966 1143 primus
983 1101 1109 1143 editor,
1134 1112 1236 1144 quem
1252 1102 1366 1134 secuti
1387 1103 1472 1134 sunt
1487 1101 1621 1144 reliqui
1637 1111 1766 1142 omnes,
1791 1102 1992 1143 cogitantes

272 1157 314 1190 de
339 1156 379 1190 L.
392 1156 564 1189 Mummio
590 1157 734 1190 consule
758 1168 791 1191 α.
807 1159 873 1192 608
897 1159 1025 1200 (supra
1048 1157 1095 1192 N.
1112 1159 1158 1192 20
1174 1157 1274 1202 seq.).
1322 1157 1393 1191 Sed
1415 1159 1453 1190 in
1476 1158 1662 1201 privatum
1686 1158 1875 1198 hominem,
1899 1167 1991 1190 mer-

272 1216 430 1246 catorem
453 1215 695 1256 potissimum,
721 1225 920 1256 congruere
945 1225 1046 1247 omne
1070 1218 1323 1257 argumentum
1347 1215 1455 1247 liuius
1479 1216 1651 1247 carminis
1680 1215 1754 1247 iam
1777 1213 1994 1247 Rttschelius

272 1271 474 1303 observavit
491 1269 629 1313 (opusc.
645 1272 665 1303 4
688 1282 723 1313 p.
737 1271 831 1316 403).
856 1290 902 1296 —
927 1273 960 1314 2)
986 1271 1047 1305 Sic
1065 1282 1183 1305 omnes
1207 1273 1270 1315 qui
1287 1271 1473 1312 viderunt,·
1496 1271 1700 1315 promiserat
1724 1271 1811 1304 olim
1835 1271 1994 1304 coniecit

272 1325 465 1359 Mommsen
490 1326 597 1371 (quod
616 1331 703 1370 post
726 1328 792 1361 hoc
816 1330 970 1361 inseruit
985 1328 1123 1362 Bitschl
1146 1339 1226 1371 opp.
1241 1327 1376 1370 4441).
1407 1327 1566 1369 Decima,
1592 1337 1699 1370 quam
1715 1329 1936 1361 mercatores
1952 1337 1993 1360 re

273 1385 358 1416 bene
383 1387 487 1425 gesta
518 1385 666 1417 Herculi
697 1385 846 1418 reddere
875 1385 1036 1418 solebant
1067 1384 1244 1428 (Macrob.
1267 1387 1336 1418 sat.
1358 1384 1527 1428 5‚6,44)‚
1558 1387 1640 1428 apte
1669 1384 1742 1417 dici
1768 1385 1891 1426 potuit
1921 1383 1989 1416 deo

272 1440 379 1473 reddi
399 1451 467 1483 pro
491 1451 613 1476 usura.
638 1460 683 1467 —
715 1444 749 1485 3)
775 1442 957 1476 Sententia
985 1443 1072 1485 hiat,
1105 1442 1211 1485 culpa
1235 1443 1313 1474 sine
1337 1441 1446 1474 dubio
1466 1444 1606 1484 poetae.
1629 1460 1673 1465 —
1706 1441 1740 1483 4)
1768 1439 1815 1474 Te
1837 1450 1909 1474 non
1933 1441 1992 1472 in-

273 1499 346 1530 vito
372 1496 492 1541 (Bue.)
529 1516 575 1523 —
612 1500 646 1540 5)
672 1498 885 1532 disolvendei
918 1498 1080 1538 refertur
1104 1510 1150 1532 ea:
1173 1500 1362 1542 Pomponii
1384 1497 1533 1531 schedis.
1568 1516 1614 1522 —
1651 1499 1684 1539 6)
1708 1497 1882 1530 Precatur
1905 1496 1994 1529 Her·

275 1553 388 1587 culem
414 1554 569 1597 Munius,
600 1559 642 1587 ut
663 1555 873 1595 facultatem
896 1557 966 1589 sibi
987 1557 1158 1599 praebeat
1181 1555 1334 1598 cogendi
1357 1558 1392 1587 et
1415 1554 1642 1598 dissolvendi,
1671 1556 1711 1588 in
1735 1554 1864 1597 quibus
1886 1554 1994 1587 rebus

275 1612 474 1652 negotiatio
500 1613 671 1644 consistit.
697 1631 741 1636 -—
775 1615 807 1655 7)
831 1613 901 1645 Dei
923 1613 1105 1646 auoeilz'um
1127 1614 1273 1645 invocat
1295 1613 1334 1645 in
1359 1611 1600 1655 computanda
1625 1611 1789 1653 decuma,
1820 1621 1865 1644 ne
1888 1620 1994 1644 error

273 1668 314 1699 in
338 1668 406 1700 hac
429 1677 469 1699 re
494 1668 671 1701 admissus
694 1668 825 1708 fraudi
847 1671 917 1702 sibi
940 1669 1007 1708 siat
1032 1669 1150 1711 (Ma).

388 1735 499 1782 3411
562 1739 611 1778 Μ.
636 1740 677 1779 Ρ.
702 1740 934 1780 Vertuleieis
966 1739 1007 1780 C.
1030 1740 1073 1779 f.¹
1104 1738 1109 1792 Ι

646 1807 761 1854 Quod
792 1821 836 1848 re
865 1821 937 1849 sua
967 1804 1206 1864 di[f]eidens
1236 1819 1352 1860 asper
1373 1810 1457 1855 (sic)
1487 1804 1492 1859 Ι
1520 1804 1673 1845 afleicta

647 1888 792 1928 parens
820 1877 964 1917 timens
991 1874 997 1931 Ι
1023 1876 1112 1916 heic
1141 1876 1245 1916 vovit
1273 1881 1364 1915 voto
1395 1875 1472 1914 hoc
1497 1872 1502 1927 Ι
1530 1868 1687 1927 solut[o‚

647 1941 822 2000 de]cuma
853 1946 951 1984 sacta
978 1944 984 1999 Ι
1011 1944 1197 1997 poloucta
1227 1943 1408 1984 leibereis
1436 1939 1602 1997 lubeltes
1628 1943 1710 1990 (sic)

645 2013 754 2053 donu
784 2013 938 2053 danunt
963 2010 969 2067 Ι
997 2012 1181 2053 Hercolei
1211 2023 1414 2052 maxsume
1440 2008 1446 2064 Ι
1476 2016 1637 2051 mereto.

648 2080 780 2121 Semol
811 2089 850 2121 te
877 2079 882 2134 Ι
911 2088 1028 2121 orant
1056 2093 1098 2121 se
1127 2080 1206 2120 voti
1236 2079 1378 2120 crebro
1406 2076 1413 2135 Ι
1440 2079 1697 2119 condemnes.

395 2143 507 2177 Sorae
532 2145 575 2188 (1
595 2146 690 2181 4475.
722 2148 757 2181 X
775 2148 863 2181 5708
886 2147 1025 2182 Bitschl
1057 2149 1127 2182 tab.
1152 2147 1224 2180 LII
1233 2146 1284 2190 a).
1332 2145 1426 2179 Sunt
1448 2155 1572 2179 versus
1595 2144 1763 2179 Saturnii
1784 2144 1996 2177 interstitiis
2062 2187 2063 2191 Ι

279 2202 318 2233 in
341 2202 419 2244 ipso
445 2201 564 2244 lapide
587 2206 755 2245 separati.
795 2203 848 2244 011
866 2204 1062 2238 Buecheler
1085 2214 1194 2239 carm.
1213 2204 1328 2246 epigr.
1344 2213 1380 2238 n.
1396 2204 1428 2235 4.
1467 2203 1528 2236 Εω
1551 2201 1663 2235 simili
1686 2201 1846 2234 carmine
1863 2200 1990 2234 Satur·

278 2259 353 2301 nio,
378 2257 540 2291 dedicato
565 2260 609 2291 ab
634 2259 782 2300 Aufidio
808 2261 964 2304 quodam
989 2271 1070 2294 cum
1095 2260 1242 2293 Herculi
1264 2261 1397 2292 iterum
1421 2259 1606 2292 decumam
1629 2257 1803 2300 redderet,
1831 2259 1997 2300 superest

279 2313 332 2346 IX
351 2314 440 2349 5569
465 2316 526 2355 (=
544 2315 739 2348 Buecheler
764 2327 872 2350 carm.
898 2319 1012 2359 epigr.
1036 2328 1071 2351 n.
1087 2318 1139 2357 ὅ).
1163 2335 1209 2342 -
1237 2317 1270 2356 1)
1294 2314 1342 2349 Μ.
1367 2319 1402 2348 et
1424 2316 1461 2350 P.
1479 2314 1668 2354 Vertuleff,
1696 2313 1778 2347 Gaii
1800 2313 1882 2355 filii.

393 2393 509 2441 3412
539 2397 725 2438 Herculei
752 2396 757 2451 Ι
785 2398 826 2438 C.
843 2398 1046 2438 Antestius
1061 2397 1133 2438 Cn.
1150 2398 1176 2437 f.
1205 2394 1211 2451 Ι
1238 2409 1345 2437 cens.
1375 2394 1380 2450 Ι
1407 2397 1571 2437 decuma
1592 2397 1692 2436 facta
1712 2395 1856 2436 iterum
1882 2392 1888 2450 Ι
1916 2394 1994 2436 dat.

399 2462 529 2496 Tibure
554 2463 663 2505 (XIV
677 2465 765 2499 5544
791 2465 844 2498 bis
867 2464 924 2498 vel
947 2468 1003 2497 ter
1027 2464 1209 2506 descripta
1235 2474 1326 2498 saec.
1350 2462 1504 2507 XVIII).

394 2541 508 2588 3413
548 2545 591 2584 Ρ.
624 2546 758 2586 Ateius
788 2546 831 2586 P.
861 2547 887 2586 l.
919 2546 1094 2599 Regillus
1124 2545 1218 2585 fecit
1252 2542 1258 2599 Ι
1293 2544 1367 2585 sibi
1398 2543 1469 2598 et!
1502 2545 1546 2585 P.
1577 2543 1688 2584 Ateio
1720 2543 1763 2585 Ρ.
1794 2543 1818 2582 1.
1851 2543 1993 2592 Salvio,

282 2617 453 2663 patron..
482 2615 486 2666 Ι
515 2614 716 2665 pomari03
747 2614 780 2654 is
799 2620 859 2654 ter
879 2614 1040 2654 Herculi
1071 2613 1274 2653 decumam
1296 2613 1409 2661 fecit;
1436 2611 1442 2668 Ι
1469 2613 1562 2653 vixit
1591 2625 1683 2652 ann.
1702 2610 1779 2660 CII,
1811 2617 1850 2651 et
1875 2608 1882 2666 Ι
1909 2610 1996 2652 Pri-

282 2691 368 2719 mae
398 2680 422 2719 l.
453 2692 547 2721 suae
577 2682 800 2722 carissimae
831 2688 870 2723 et
896 2681 903 2736 Ι
929 2683 1061 2723 Ateiae
1090 2681 1208 2721 Iollae
1238 2680 1395 2734 patroni
1426 2680 1539 2720 filiae.

373 2746 487 2789 Prope
513 2747 681 2790 Capuam,
705 2759 801 2782 nunc
825 2748 981 2790 Neapoli
1005 2748 1057 2792 (X
1076 2749 1166 2783 5956
1191 2747 1284 2780 vidit
1309 2746 1526 2790 Mommsen).

375 2825 491 2872 3414
520 2828 740 2882 Pomponia
762 2830 805 2871 L.
828 2831 853 2873 f.
878 2831 1081 2871 Nunnulei
1103 2830 1223 2870 Herc.
1246 2829 1343 2869 Vict.
1384 2827 1422 2871 C.
1436 2826 1663 2867 Nunnuleio
1681 2826 1722 2867 C.
1738 2827 1764 2866 f.
1781 2826 1896 2867 Nudo
1915 2826 1992 2879 leg.

1482 2892 1567 2957 {Er-⁰
1589 2897 1712 2947 praet.

1389 2962 1607 3016 Pomponia
1622 2961 1667 3001 L.
1683 2962 1708 3002 f.
1725 2973 1826 3002 uxor
1845 2962 1993 3015 posuit.
2056 2960 2059 2963 ’

380 3028 509 3063 Tibure
540 3030 647 3071 (XIV
663 3034 752 3066 5546
782 3032 886 3076 vidi).
939 3032 1075 3066 Tabula
1107 3032 1251 3065 videtur
1283 3031 1494 3064 sustinuisse
1525 3029 1719 3062 donarium
1751 3039 1772 3062 a
1797 3029 1994 3072 Pomponia

284 3085 430 3119 Herculi
453 3087 561 3120 simul
583 3090 618 3120 et
641 3090 833 3121 memoriae
857 3089 914 3122 vel
937 3089 1067 3122 honori
1090 3089 1216 3122 mariti
1238 3090 1296 3121 sui
1320 3086 1534 3120 dedicatum.
