2092 3360
189 152 272 190 294
930 155 1051 201 caput
1073 155 1156 191 XII.

302 266 414 313 5069
473 268 675 308 Fortunae
706 269 805 322 Aug.
846 269 854 321 Ι
894 282 993 310 sacr.
1036 267 1042 324 Ι
1084 271 1238 311 Annius
1269 270 1505 320 Primitivus,
1547 269 1553 326 Ι
1594 270 1645 311 01)
1677 267 1899 323 honorem}

190 336 384 376 llllllvir.¹
414 336 473 376 sui
500 335 506 390 Ι
534 336 637 376 edito
669 336 877 378 barcarum
904 337 910 393 Ι
946 339 1161 379 certamine
1193 345 1231 379 et
1264 337 1269 394 Ι
1305 339 1497 392 pugilum,
1527 339 1717 392 sportulis
1742 341 1749 390 Ι
1785 339 1902 380 etiam

189 405 337 444 civibus
363 403 369 457 Ι
396 404 494 443 datis
521 403 526 458 Ι
554 405 591 444 d.
613 417 643 444 s.
666 417 704 457 p.
727 405 765 445 d.
785 406 823 446 d.

306 469 458 503 Tavirae
487 472 526 503 in
557 481 621 504 ora
648 471 877 514 Lusitaniae,
910 474 974 506 ubi
1003 472 1079 514 l'uz‘t
1101 473 1211 507 Balsa
1243 473 1300 517 (II
1320 473 1365 508 45
1396 485 1432 518 p.
1456 475 1521 508 785
1546 475 1711 508 Huebner
1734 474 1826 507 vidit
1849 483 1903 506 ee-

188 526 342 570 typum).
362 546 408 550 —
434 528 466 568 1)
491 527 688 563 seviratus.

306 617 420 662 5070
479 619 520 660 C.
553 620 721 661 Albucio
753 621 794 662 C.
825 622 851 662 f.
888 619 893 676 Ι
927 621 1011 662 Ser.
1053 621 1183 662 Firmo
1225 623 1324 671 aed„
1365 622 1371 678 Ι
1414 623 1535 673 llvir„
1576 624 1645 676 qui
1682 621 1905 677 pecunilam

189 688 397 728 destinavit
426 700 499 740 per
533 686 539 742 Ι
574 695 856 731 testamentum
886 697 926 730 at
951 689 956 745 Ι
985 696 1185 730 certamen
1218 692 1445 744 gymnicum
1481 690 1488 746 Ι
1524 692 1630 744 quod
1660 692 1776 732 annis
1807 687 1905 747 [f]a-

189 754 388 809 cienldum
418 755 557 796 diebus
588 757 698 798 festis
725 755 731 812 Ι
757 757 908 798 Lunae.
936 757 942 812 Ι
970 758 1014 798 D.
1045 758 1082 798 d.

303 820 519 855 Antioohiae
543 825 582 856 in
606 824 742 857 Pisidia
768 825 842 868 (III
864 825 901 858 S.
916 826 1006 859 6829
1031 825 1224 859 Mommsen
1248 826 1341 859 vidit
1364 826 1559 871 eetypum).

304 924 412 971 5071
474 927 665 967 Mensur.¹
701 927 706 983 Ι
748 929 791 968 Ρ.
822 928 995 980 Ligario,
1025 929 1182 969 Maximi
1212 929 1343 982 Ligari
1374 930 1440 978 fil„
1487 930 1617 970 Potito
1654 927 1660 985 Ι
1701 929 1906 970 decurioni

191 1003 230 1035 et
258 996 486 1047 magistrato
518 997 679 1036 annuali
718 993 894 1052 cilvitatis
924 1010 1016 1037 suae
1047 997 1270 1046 Goritanae,
1301 999 1369 1050 qui
1401 1011 1448 1038 ex
1478 1011 1548 1039 sua
1577 998 1820 1052 lilberalitate
1851 998 1908 1037 rei

191 1076 299 1128 publ.
330 1088 424 1115 suae
455 1075 500 1116 lS
531 1065 604 1116 lffi
633 1076 713 1116 mil.
757 1074 762 1130 Ι
801 1078 845 1117 fi.
877 1077 1083 1117 inferenda
1122 1077 1366 1130 repromisit,
1407 1085 1450 1117 ut
1484 1091 1531 1118 ex
1562 1078 1646 1118 eius
1687 1076 1692 1132 Ι
1734 1088 1908 1118 summae

190 1144 360 1184 reditum
387 1147 471 1193 (sic)
503 1143 539 1184 id
573 1150 633 1185 est
664 1157 807 1185 usurae
838 1145 979 1185 XLX²
1005 1143 1011 1199 Ι
1046 1146 1108 1186 die
1138 1145 1223 1185 XVI
1255 1146 1331 1186 kal.
1363 1146 1444 1185 lan.
1477 1146 1640 1187 natalis³
1679 1145 1763 1186 eius
1794 1145 1908 1197 pugi-

192 1210 308 1268 lilbus
330 1219 368 1252 et
388 1213 607 1265 gymnasio,
638 1213 811 1266 itemque
832 1211 1127 1269 decuriolnibus
1157 1214 1290 1267 epulo,
1321 1227 1393 1254 suo
1425 1227 1585 1267 quoque
1615 1227 1721 1254 anno
1743 1214 1783 1254 in
1805 1210 1909 1268 perl-

195 1286 358 1333 petuum
389 1281 438 1321 ab
469 1282 604 1322 eadem
635 1295 679 1321 re
710 1294 748 1334 p.
779 1282 1090 1322 insumerentur.
1126 1281 1131 1336 Ι
1168 1282 1209 1322 Ρ.
1244 1282 1421 1335 Ligarius
1453 1283 1625 1323 Securus
1656 1283 1706 1322 ob
1739 1281 1909 1322 debitam

195 1349 298 1401 patri
326 1346 331 1400 Ι
360 1349 543 1401 pietatem
575 1350 720 1402 posuit.
782 1350 824 1389 L.
846 1349 882 1389 d.
904 1351 941 1390 d.
964 1351 1000 1390 d.

311 1417 352 1449 In
383 1416 531 1457 Africa,
568 1417 645 1450 loco
677 1417 771 1450 dicto
802 1418 959 1450 Henclzir
989 1416 1337 1461 Drda-el-Gamra,
1372 1419 1435 1451 ubi
1466 1415 1541 1457 fuit
1573 1419 1700 1450 civitas
1735 1416 1909 1450 Goritana

198 1473 307 1516 (VIII
329 1473 365 1508 S.
389 1473 498 1507 12421
537 1474 585 1506 ad
616 1477 781 1518 ectypum
816 1477 985 1507 accurate
1021 1477 1062 1507 ut
1092 1475 1235 1508 videtur
1263 1486 1285 1508 a
1319 1474 1445 1508 Car-olo
1481 1473 1598 1508 Tissot
1631 1475 1838 1516 descripta).
1865 1492 1912 1497 —

198 1531 229 1572 1)
256 1530 410 1564 Videtur
433 1541 505 1562 esse
530 1530 677 1573 Ligarii
699 1532 854 1574 signum.
879 1550 922 1555 —-
952 1533 984 1573 2)
1009 1531 1164 1565 Denarii
1186 1533 1379 1574 seoeaginta
1397 1532 1548 1572 (sestert.
1564 1531 1647 1576 240)
1673 1533 1757 1563 sunt
1780 1539 1911 1562 usurae

195 1589 354 1620 semisses
376 1589 580 1620 sestertium
604 1590 777 1630 quattuor
794 1589 934 1621 milium
957 1598 1153 1623 nummum.
1172 1608 1213 1613 ——
1239 1589 1273 1631 3)
1299 1587 1376 1622 Ser.
1394 1588 1510 1621 natali.
1528 1607 1573 1612 —
1590 1587 1668 1622 Dies
1685 1596 1841 1631 gymnas.
1866 1597 1913 1618 ex

197 1646 407 1677 testamento
433 1644 590 1677 alicuius
612 1645 773 1677 instituti
795 1648 1027 1678 recensentur
1050 1647 1089 1677 in
1114 1648 1138 1678 t.
1167 1644 1376 1678 Thevestino
1404 1645 1495 1679 VIII
1513 1645 1612 1678 4859.

310 1748 424 1794 5072
470 1779 780 1789 ..........
806 1748 814 1803 Ι
844 1746 903 1804 [ob
924 1745 1122 1804 honorem]
1155 1748 1316 1788 flamoni
1352 1745 1430 1804 [ecc]
1459 1746 1464 1802 Ι
1494 1744 1659 1803 [summa
1687 1743 1914 1803 h]onoraria

190 1819 254 1859 SS
271 1818 304 1858 ll
337 1831 389 1858 m.
422 1831 461 1858 n.
489 1816 495 1872 Ι
525 1813 816 1873 [promis]erat‚
857 1817 1115 1869 multiplicata
1154 1812 1368 1872 pecl[unia]
1410 1817 1447 1856 d.
1478 1815 1516 1855 d.
1548 1821 1587 1856 et
1617 1815 1666 1855 ob
1703 1815 1914 1856 dedicatio-

198 1899 289 1927 nem
331 1886 336 1941 Ι
378 1886 575 1938 sportulas
614 1885 862 1926 decurionib.
901 1883 1141 1940 eisdemlque
1181 1892 1220 1925 et
1258 1885 1443 1925 universo
1483 1884 1632 1937 populo
1671 1880 1844 1939 epullum
1875 1890 1915 1923 et

197 1956 444 2009 gymnasium
475 1955 583 1994 dedit
625 1952 629 2007 Ι
669 1954 841 2006 itemque
871 1954 1141 2007 spectaculum
1171 1951 1360 2008 pugillum
1399 1958 1438 1992 et
1466 1952 1691 2004 aurigarum
1722 1957 1761 1992 et
1788 1950 1914 2007 ludol-

198 2035 287 2062 rum
318 2023 590 2064 scaenicorum
624 2022 757 2063 edidit.

313 2090 356 2123 In
381 2090 509 2130 Africa
541 2091 617 2124 loeo
642 2091 738 2124 dicto
763 2089 1195 2123 Henchir-esch-Sckorr
1220 2088 1329 2132 (VIII
1357 2087 1392 2121 S.
1417 2087 1524 2121 41998
1554 2086 1715 2120 Schmidt
1746 2086 1839 2119 vidit
1861 2095 1916 2118 eo-

199 2149 353 2190 typum).

315 2260 429 2306 5073
474 2262 651 2314 Agenti1.
688 2260 694 2314 Ι
728 2261 901 2314 Apollini
932 2263 1030 2313 Aug.
1061 2273 1138 2300 sac.
1171 2259 1176 2315 Ι
1216 2261 1259 2300 D.
1291 2258 1522 2299 Fundanius
1552 2258 1647 2310 Pap.
1679 2255 1914 2303 Primanus,

202 2330 384 2370 Fundani
421 2328 426 2384 Ι
468 2331 610 2371 Felicis
641 2330 793 2370 aedilici
823 2329 891 2378 fil„
932 2329 1114 2369 Fundani
1145 2327 1266 2368 Primi
1296 2327 1335 2367 fl.
1368 2327 1426 2380 p.²
1455 2340 1594 2380 ηεροδ,
1629 2329 1635 2379 Ι
1670 2324 1822 2373 aedilis,
1863 2322 1913 2363 ob

201 2399 396 2439 honorem
426 2399 632 2439 aedilitatis
664 2410 781 2451 quem
815 2398 849 2437 ei
881 2397 977 2437 ordo
1006 2395 1011 2451 Ι
1038 2410 1133 2438 suus
1163 2396 1350 2447 suffragio
1381 2396 1564 2445 decrevit,
1600 2395 1702 2434 hanc
1732 2397 1913 2439 statuam,

203 2476 389 2533 imitaltus
419 2479 541 2532 patris
571 2477 815 2530 exemplum,
847 2490 895 2517 ex
920 2475 976 2516 {S
1005 2467 1098 2517 ff!
1122 2477 1294 2517 millibus
1325 2475 1364 2520 ff.
1394 2488 1462 2517 sua
1493 2473 1735 2530 lilberalitate
1775 2483 1914 2511 nume-

202 2554 285 2586 rata
315 2548 426 2599 prius
456 2560 478 2587 a
509 2560 550 2587 se
581 2547 639 2586 rei
669 2546 850 2598 publicae
892 2544 897 2600 Ι
937 2558 1089 2586 summa
1119 2546 1331 2585 honoraria
1369 2544 1501 2597 posuit
1531 2542 1775 2591 eandemque
1805 2538 1914 2579 dedi-

203 2612 321 2669 calvit
365 2622 404 2654 et
449 2616 499 2656 ob
546 2616 835 2656 dedicationem
880 2614 999 2654 simul
1044 2626 1134 2654 cum
1174 2614 1304 2653 Annio
1346 2608 1602 2665 Memmilano
1647 2607 1796 2658 collega
1840 2618 1914 2647 suo

204 2682 318 2722 ludos
355 2685 558 2724 scaenicos
595 2690 634 2724 et
673 2680 932 2737 gymnasilum
972 2683 1121 2735 populo
1156 2689 1193 2721 et
1223 2681 1383 2733 aepulas
1413 2677 1658 2720 decurionib.
1690 2676 1808 2716 dedit.
1870 2675 1915 2714 L.

205 2751 242 2790 d.
274 2752 309 2791 d.
341 2752 378 2791 d.

320 2818 364 2850 In
385 2816 516 2858 Africa
541 2819 618 2853 loco
644 2819 739 2852 dicto
766 2819 939 2851 Hensclzir
964 2816 1161 2859 Mecherga,
1185 2817 1249 2848 ubi
1271 2814 1346 2855 fuit
1370 2812 1465 2853 Giufi
1491 2811 1599 2855 (VIII
1618 2812 1686 2845 858
1712 2811 1801 2844 vidit
1828 2809 1916 2844 Wil-

204 2875 362 2919 manns).
388 2894 434 2899 —
461 2877 492 2918 1)
516 2877 703 2919 Agnomen
729 2874 906 2918 (signum)
932 2874 1122 2907 Primiani.
1145 2891 1189 2896 —
1215 2873 1247 2912 2)
1270 2871 1450 2904 Flaminis
1470 2870 1644 2911 perpetui.

322 2987 434 3033 5074
493 2989 606 3029 Marti
638 2991 751 3041 Aug„
782 2988 998 3040 protectori
1029 2987 1066 3026 d.
1099 2999 1137 3026 n.
1165 2983 1170 3040 Ι
1207 2986 1301 3037 imp.
1333 2983 1441 3024 Caes.
1473 2982 1522 3022 M.
1550 2981 1697 3021 Antoni
1727 2979 1915 3020 Gordiani

208 3057 266 3097 Pii
297 3056 438 3097 Felicis
478 3055 483 3111 Ι
526 3057 625 3109 Aug.
657 3069 695 3108 p.
736 3069 803 3105 m.,
842 3063 890 3096 tr.
921 3061 1004 3109 pot.
1036 3054 1108 3103 11¹,
1147 3065 1241 3102 cos„
1272 3065 1310 3105 p.
1341 3064 1394 3104 p.,
1436 3049 1443 3105 Ι
1483 3050 1531 3097 Q.
1562 3049 1714 3091 Calvius
1745 3048 1913 3088 Rufinus
