2092 3360
179 133 296 171 Tituli
318 144 472 181 operum
494 134 728 180 locorumque
750 134 994 181 publicorum.
1017 153 1062 160 —
1084 133 1178 170 Viae
1194 134 1438 170 suburbanae.
1464 133 1566 170 Cssvi.
1594 133 1731 180 Campi.
1805 133 1887 172 359

293 248 406 295 5386
455 257 615 292 senatus
649 248 656 303 Ι
694 249 977 305 populusque}
1011 249 1243 304 Romanus}
1278 248 1449 304 clivom}
1485 250 1641 291 Martis¹
1677 248 1684 306 Ι
1718 251 1888 303 pecunia

178 317 337 371 publica
363 316 369 374 Ι
396 319 436 359 in
470 319 673 373 planitiam
700 316 706 374 Ι
733 318 991 371 redigendum
1018 317 1025 372 Ι
1050 318 1212 359 curavit.

292 384 425 419 Romae
450 386 535 420 olim
558 386 607 420 ad
629 388 726 420 viam
742 387 898 430 Appiam
922 388 1028 420 extra
1048 388 1194 429 portam
1219 385 1256 420 S.
1274 385 1495 426 Sebastiani,
1520 386 1593 418 iam
1618 386 1658 418 in
1680 394 1799 418 museo
1817 383 1889 418 Va·

179 443 298 476 lie-ano
324 442 393 487 (VI
416 442 503 478 4270
526 443 617 476 vidit
640 442 813 487 IIenzen).
843 460 889 466 —
927 443 959 485 1)
984 441 1102 476 Clivus
1126 444 1180 475 ita
1204 442 1321 475 dictus
1350 443 1395 475 ab
1421 442 1505 475 aede
1528 441 1658 476 Martis
1687 443 1757 475 sita
1781 444 1887 474 extra

173 502 318 542 portam
337 498 531 543 Capenam,
554 502 656 534 euius
671 501 806 533 mentio
821 498 865 540 fit
880 498 959 532 Liv.
976 499 1028 540 40,
1040 499 1100 534 23.
1116 499 1174 540 58,
1185 499 1234 532 28
1249 501 1283 532 et
1299 498 1403 542 alibi,
1426 500 1511 532 item
1532 500 1571 532 in
1588 498 1693 532 titulo
1711 497 1766 533 VI
1776 498 1889 533 10254

176 555 233 598 (ad
258 554 378 590 Martis
402 556 488 591 intra
515 556 710 591 milliarium
734 556 745 590 l
770 561 805 590 et
828 555 877 597 11).
927 555 981 596 Cf:
1003 566 1114 599 supra
1141 554 1188 590 N.
1208 556 1312 590 5159.

295 612 434 647 Clivum
461 612 693 647 Tiburtinum
722 615 762 646 in
789 613 978 656 planitiem
1008 613 1151 656 redegit
1177 617 1321 647 senalus
1347 613 1572 656 populusque
1595 611 1776 646 Romanus
1804 614 1888 645 tem-

176 671 326 712 poribus
351 670 462 704 multo
482 672 753 715 posterioribus,
778 672 865 702 teste
890 669 993 703 tilulo
1018 680 1121 713 quem
1144 680 1256 713 supra
1280 669 1441 703 dedimus
1464 668 1510 704 N.
1526 668 1603 702 729.

293 758 406 805 5387
454 760 505 800 M.
527 760 695 801 Consius
726 760 776 799 M.
807 760 832 799 l.
859 758 865 814 Ι
901 758 1146 808 Cerinthus¹‚
1181 757 1187 814 Ι
1222 771 1414 799 accensus
1443 758 1624 799 velatus.²
1656 759 1663 813 Ι
1697 759 1890 800 Immunis

177 840 268 868 cum
298 828 410 877 sim⁸‚
445 827 452 881 Ι
487 841 534 869 ex
564 828 765 868 voluntate
796 839 881 868 mea
922 825 928 882 Ι
963 832 1003 867 et
1031 827 1209 880 impensa
1240 839 1326 867 mea
1358 827 1364 882 Ι
1399 827 1540 867 clivom
1569 827 1686 868 stravi
1721 825 1727 881 Ι
1760 827 1889 880 lapide

0 884 103 929 νὼ
176 895 223 935 ab
255 896 335 936 imo
365 909 500 937 susum
526 895 533 951 Ι
570 897 734 949 longum
762 896 884 949 pedes
914 894 1097 942 cccxl..
1132 894 1138 949 Ι
1173 895 1295 935 latum
1328 907 1417 935 curn
1450 895 1696 948 marginibus
1727 895 1732 950 Ι
1769 895 1890 948 pedes

9 951 306 1029 {fi'jssfssmvlllh
348 965 393 1017 fit
423 965 527 1018 quod
568 964 575 1022 Ι
616 964 732 1005 stravi
756 962 1405 1022 QAEQQvLaew-OEssxffi
1447 961 1453 1019 Ι
1494 964 1640 1004 lterum
1671 963 1844 1004 eundem
1880 961 1887 1019 Ι

350 1032 399 1073 ab
430 1045 482 1072 im

0 1015 35 1056 f*
178 1032 318 1073 clivom
619 1019 755 1086 vr(
748 1036 787 1071 et
816 1031 954 1071 clivom
986 1031 1158 1072 medium
1194 1030 1202 1087 Ι
1235 1032 1335 1084 fregi
1365 1038 1404 1072 et
1433 1032 1634 1085 depressi‘
1667 1030 1676 1087 Ι
1709 1032 1888 1085 impensa

175 1112 264 1140 mea
293 1100 456 1153 regione
484 1101 490 1154 Ι
516 1100 714 1140 Ficulensi
744 1111 845 1152 pago
866 1099 1034 1140 Ulmano
1062 1097 1067 1155 Ι
1095 1107 1134 1140 et
1154 1100 1443 1141 Transulmano
1470 1104 1477 1153 Ι
1503 1101 1711 1141 Peleciano
1733 1112 1860 1153 usque
1881 1097 1888 1156 Ι

176 1169 222 1209 ad
254 1169 388 1209 Martis
417 1175 456 1208 et
484 1169 598 1208 ultra.

287 1234 371 1269 Non
391 1235 522 1279 procul
544 1237 588 1268 ab
612 1236 701 1268 urbe
716 1233 828 1268 Roma
853 1235 903 1268 ad
923 1236 1020 1268 viam
1039 1233 1300 1269 Nomentanam
1324 1236 1364 1267 in
1383 1235 1537 1278 praedio
1561 1236 1597 1268 la
1615 1235 1804 1278 Cesar-ina,
1826 1235 1890 1268 ubi

172 1291 249 1332 fuit
269 1292 432 1333 Ficulea,
457 1292 584 1325 deinde
600 1290 733 1325 Romae
757 1291 865 1335 (XIV
873 1292 961 1327 4012
985 1292 1080 1325 vidit
1095 1292 1267 1336 Henzen).
1290 1310 1337 1316 —
1362 1293 1394 1334 1)
1419 1291 1516 1325 Idem
1539 1293 1643 1325 homo
1666 1294 1889 1325 memoratur

173 1349 260 1383 XIV
273 1349 372 1384 4015.
396 1349 492 1383 4044.
515 1367 562 1373 -
591 1349 626 1390 2)
652 1347 709 1388 Cs'.
731 1359 844 1392 supra
869 1348 916 1383 N.
932 1349 1164 1385 1935—-1957,
1188 1367 1234 1375 —-
1265 1350 1299 1391 3)
1325 1348 1515 1383 Centuriae
1539 1358 1770 1382 accensorum
1793 1348 1888 1381 vela·

174 1409 294 1440 torum
319 1409 437 1440 certas
459 1407 702 1439 immunitates
724 1404 839 1445 fuisse
861 1407 993 1439 scimus
1017 1417 1063 1439 ece
1086 1405 1135 1446 fr.
1160 1406 1242 1440 Vat.
1258 1406 1337 1441 138.
1389 1405 1508 1438 Talem
1532 1416 1602 1449 per
1624 1407 1888 1438 immunitatem

174 1473 254 1496 cum
279 1462 407 1497 Consio
425 1463 592 1497 Cerintho
617 1462 775 1496 licuisset
797 1463 969 1496 excusari
992 1473 1014 1496 a
1037 1465 1098 1496 via
1122 1463 1336 1504 munienda,
1359 1462 1594 1495 nihilominus
1615 1465 1741 1506 sponte
1765 1465 1801 1495 et
1821 1464 1888 1495 im-

170 1530 282 1563 pensa
304 1530 371 1554 sua
396 1521 527 1553 clivum
550 1521 645 1553 hunc
666 1523 807 1554 stravit.
829 1538 876 1544 —
897 1521 934 1562 4)
955 1520 1113 1555 54o><9
1128 1534 1173 1548 -ι
1187 1520 1288 1554 3060.
1310 1538 1357 1544 —-
1381 1521 1414 1562 5)
1440 1519 1577 1553 clivum
1602 1522 1710 1553 etiam
1736 1529 1888 1554 commo·

174 1577 311 1610 dior-em
334 1577 492 1610 reddidit
515 1578 726 1618 meantibus,
749 1579 823 1610 ima
842 1580 952 1619 parte
975 1578 1053 1609 eius
1076 1579 1114 1609 in
1138 1576 1254 1610 altum
1279 1576 1412 1618 levata,
1443 1576 1560 1610 media
1582 1580 1686 1619 parte
1710 1577 1886 1620 depressa.

289 1656 403 1703 5388
449 1658 493 1698 L.
517 1659 700 1700 Octavius
721 1659 766 1698 L.
787 1660 814 1698 f.
836 1658 1001 1708 vitulus,
1030 1656 1035 1713 Ι
1064 1658 1104 1699 C.
1127 1658 1288 1699 Rustius
1310 1657 1350 1698 C.
1372 1660 1399 1698 f.
1422 1658 1559 1699 Flavos
1580 1659 1680 1707 iter.‚
1707 1659 1713 1714 Ι
1740 1658 1885 1706 1111vir‚

174 1727 211 1765 d.
233 1739 266 1766 s.
287 1739 318 1766 s.
346 1726 352 1780 Ι
379 1726 478 1766 viam
508 1725 762 1778 integendam
788 1725 794 1781 Ι
822 1738 1000 1767 curaver.

292 1791 421 1825 Tibure
436 1794 475 1826 in
491 1792 682 1826 ruderibus
704 1795 851 1837 antiqui
867 1793 1038 1836 aedificii,
1063 1793 1160 1836 quod
1174 1792 1261 1825 villa
1279 1792 1498 1826 Maecenatis
1514 1792 1594 1836 (sed
1607 1791 1718 1835 fabo)
1735 1793 1884 1834 dicitur,

174 1851 247 1882 iam
270 1848 402 1883 Romae
426 1848 535 1894 (XIV
548 1849 637 1884 36⁶7
658 1850 753 1883 vidit
779 1851 941 1892 Henzen,·
964 1849 1100 1883 [iiis-chi
1123 1851 1192 1883 tab.
1216 1848 1346 1883 LXXV
1354 1849 1406 1893 lc).

289 1924 402 1986 5389
442 1942 493 1983 Μ.
514 1943 701 1983 Avianius
722 1943 772 1982 M.
794 1943 821 1982 f.
848 1942 855 1996 Ι
882 1941 1128 1983 Coniunctus
1158 1941 1254 1982 llvir
1279 1939 1284 1994 Ι
1312 1942 1387 1982 iter
1406 1942 1516 1990 texit,
1547 1949 1586 1982 et
1614 1948 1763 1982 tectum
1792 1955 1823 1983 s.
1843 1955 1883 1995 p.

289 2009 460 2051 Puteolis,
483 2011 656 2052 scriptum
679 2011 719 2042 in
744 2010 860 2042 altera
883 2012 987 2052 parte
1011 2009 1110 2042 tituli·
1131 2019 1242 2053 supra
1267 2007 1313 2042 N.
1329 2008 1418 2042 5547
1442 2007 1494 2052 (X
1513 2008 1601 2043 4793
1628 2012 1770 2051 partem
1794 2019 1886 2052 quae

174 2068 276 2098 extat
297 2065 390 2098 vidit
411 2064 633 2109 Mommsen).

290 2145 404 2192 5390
455 2147 507 2187 Μ.
529 2146 601 2187 Iul.
622 2146 716 2199 Pap.
740 2146 870 2186 Iustus
900 2146 984 2186 dec.
1012 2144 1018 2201 Ι
1045 2147 1135 2195 col„
1168 2146 1217 2186 ob
1248 2147 1344 2186 hon.
1376 2146 1519 2199 pontif.
1547 2144 1552 2201 Ι
1580 2159 1763 2199 campum
1793 2159 1884 2188 cum

174 2215 256 2256 suis
282 2216 289 2266 Ι
315 2214 484 2255 aditibus
515 2214 632 2255 clusit
660 2221 700 2254 et
726 2212 732 2268 Ι
758 2220 923 2255 statuam
954 2214 1099 2267 posuit.

290 2282 599 2325 Sannizegeiusae
622 2291 696 2324 rep.
722 2280 797 2320 (III
817 2280 852 2314 S.
868 2281 958 2315 7985
982 2281 1073 2314 vidie
1094 2279 1328 2323 Hirschfeld).

290 2363 404 2410 5391
445 2365 489 2404 Ρ.
511 2363 694 2416 Rupilius
723 2365 768 2403 A.
799 2364 839 2411 f.‚
875 2362 881 2418 Ι
923 2363 967 2403 L.
988 2363 1171 2403 Minicius
1201 2362 1246 2402 L.
1278 2363 1303 2402 f.
1345 2359 1352 2417 Ι
1392 2363 1543 2402 duovir.
1585 2361 1591 2417 Ι
1632 2375 1817 2416 campum
1848 2370 1886 2404 et

178 2446 322 2474 macer.
350 2432 356 2487 Ι
384 2446 431 2473 ex
462 2432 499 2472 d.
532 2432 568 2474 d.
598 2431 798 2472 faciundu.
825 2429 832 2485 Ι
859 2443 964 2472 coer.
995 2431 1140 2484 idemq.
1170 2430 1286 2484 prob.

289 2499 438 2534 Mar-ani
460 2509 555 2542 rep.,
585 2499 648 2531 ubi
668 2496 744 2536 fuit
767 2497 887 2541 Cupra
911 2499 1113 2540 maritima,
1145 2497 1271 2532 deinde
1294 2496 1416 2531 Firmi
1440 2497 1590 2538 (14:121.
1614 2496 1667 2530 IX
1678 2499 1770 2532 5305
1794 2499 1886 2532 vidit

175 2556 396 2602 Mommsen).
1226 2576 1230 2579 .

289 2636 405 2686 5392
459 2637 500 2678 C.
532 2637 663 2677 Catius
694 2636 744 2677 M.
776 2637 801 2676 f.
834 2635 966 2675 llllvir
996 2647 1179 2688 campum
1210 2634 1368 2687 publice
1399 2632 1405 2688 Ι
1441 2634 1690 2686 aequandum
1722 2636 1884 2685 curavit,

178 2707 387 2747 maceriem
413 2703 420 2761 Ι
446 2713 486 2746 et
514 2705 669 2746 scholas
699 2711 738 2745 et
767 2703 966 2751 solarium,
1002 2703 1179 2744 semitam
1206 2702 1212 2757 Ι
1239 2703 1288 2742 de
1318 2714 1349 2742 s.
1382 2714 1421 2753 p.
1453 2702 1480 2741 f.
1511 2702 1560 2742 c.¹
1587 2699 1593 2757 Ι
1620 2702 1745 2743 Genio
1776 2703 1885 2744 colo-

180 2774 267 2814 niae
297 2779 337 2814 et
366 2774 599 2814 colonorum
629 2771 636 2828 Ι
660 2771 826 2813 honoris
856 2783 985 2819 causa,
1012 2770 1018 2825 Ι
1046 2771 1152 2823 quod
1182 2777 1375 2823 perpetuo
1406 2769 1572 2809 feliciter
1602 2771 1798 2811 utantur².

291 2839 407 2874 Nolae
431 2843 538 2874 extra
560 2840 701 2873 moenia
736 2837 788 2882 (X
808 2838 898 2872 4236
922 2840 976 2870 ter
998 2840 1040 2870 ut
1063 2837 1206 2870 videtur
1229 2836 1406 2879 descripta
1429 2846 1520 2871 saec.
1544 2835 1638 2870 XVI.
1662 2836 1815 2879 XVIII).
1840 2856 1885 2862 —

182 2897 213 2938 1)
237 2897 289 2930 De
311 2908 377 2931 sua
399 2898 553 2941 pecunia
576 2895 752 2937 faciunda
777 2897 927 2930 curavit.
963 2913 1010 2919 —
1045 2895 1079 2937 2)
1108 2896 1245 2927 utantur
1274 2903 1387 2926 unum
1411 2904 1457 2926 σω
1481 2894 1715 2936 apographis,
1749 2895 1788 2927 in
1811 2894 1885 2927 alio

179 2956 231 2986 est
251 2953 369 2987 usibus
394 2963 455 2986 cau
472 2980 479 2986 .
494 2979 502 2986 .
518 2979 547 2989 .,
578 2954 617 2982 in.
642 2955 748 2985 lertio
771 2951 981 2985 vocabulum
1008 2951 1196 2984 omittitur.

294 3043 406 3090 5393
456 3045 746 3086 L..Tettaienus
776 3045 820 3085 L.
848 3046 873 3084 s.
903 3043 908 3097 Ι
936 3043 1105 3091 Barcha,
1140 3041 1145 3097 Ι
1180 3042 1224 3082 L.
1247 3041 1429 3083 Fistanus
1458 3042 1502 3082 L.
1528 3042 1554 3081 f.
1588 3038 1733 3097 [IIvir.]
1772 3041 1777 3095 Ι
1811 3042 1886 3082 iter
