2092 3360
196 133 279 171 314
925 131 1046 177 caput
1068 131 1152 167 XII.

192 259 255 281 sen
279 248 356 291 eph.
372 257 426 290 ep.
441 247 462 280 7
482 257 519 289 p.
535 246 608 279 407.
624 264 666 270 -
694 247 747 287 19)
771 246 1018 288 sentententia,
1057 247 1112 287 20)
1137 245 1288 279 clamans
1311 247 1470 289 primum
1493 248 1688 290 scripserat
1710 249 1907 292 quadrata-

193 307 283 338 rius.
306 324 351 329 —
375 305 433 345 21)
459 302 536 336 Ser.
561 302 725 336 fortunas.
743 321 789 327 —-
811 304 868 345 22)
893 302 991 338 Nota
1014 301 1173 343 formam
1197 305 1382 336 vetustam.
1406 322 1452 327 —
1476 303 1535 345 23)
1559 302 1636 336 Ser.
1659 304 1905 340 instituere.—

193 363 250 403 24)
273 361 351 395 Ser.
375 360 482 394 locus.
506 379 551 383 —
577 358 637 404 25)
665 359 885 393 Vocabulum
908 370 1050 395 novum.
1100 360 1280 393 Videntur
1302 358 1511 402 significari
1533 369 1684 393 munera
1708 371 1730 393 a
1752 363 1906 403 privatis

192 421 360 461 quaestus
384 427 493 449 eausa
517 416 623 457 editi,
647 427 686 449 m
711 417 839 459 quibus
860 427 926 459 per
943 417 1156 460 oppidorum
1179 416 1265 457 fora
1283 427 1382 450 asses
1400 427 1468 460 pro
1493 416 1580 449 locis
1604 428 1626 449 a
1650 420 1906 460 spectatoribus

192 475 433 516 eoeigebantur
457 472 633 518 (Momms.
658 474 734 517 eph.
760 474 781 507 l.
800 483 828 507 c.
849 483 887 516 p.
903 473 1001 517 599).
1026 492 1071 498 —-
1095 474 1152 515 26)
1179 473 1256 507 Ser.
1274 477 1445 507 maneant.
1462 492 1507 498 —
1533 474 1588 516 27)
1614 474 1674 507 Iis.
1698 492 1744 498 —
1768 475 1825 518 28)
1851 474 1904 514 Cf,

190 535 263 564 not.
277 532 333 565 29.
351 550 394 555 -
421 531 476 572 29)
501 530 556 563 Ne
577 534 738 574 sumptus
763 529 930 563 ludorum
950 530 1259 573 gladiatoriorum
1283 532 1324 563 in
1347 531 1556 563 immensum
1580 533 1814 574 augerentur,
1835 535 1905 566 sta-

190 591 289 620 tuere
311 588 391 620 vult
414 591 540 621 orator
559 588 810 630 gladiatorum
842 588 1002 620 melioris
1037 590 1144 621 notae
1175 590 1273 620 certa
1295 589 1414 630 pretia
1440 598 1532 631 quae
1552 587 1647 621 nulli
1670 587 1840 621 eoecedere
1863 588 1904 620 li-

190 648 295 686 ceret,
331 655 442 687 eaque
472 655 541 688 per
577 645 721 678 ordines
757 647 791 677 et
827 644 957 677 classes
993 644 1178 687 disposita.
1224 645 1347 677 Pretia
1384 645 1472 677 baec
1502 644 1707 687 procedunt
1735 655 1758 677 a
1790 645 1905 678 tribus

188 702 332 738 milibus
354 704 434 736 sest.
459 702 509 735 ad
531 701 734 745 quindecim
758 700 860 734 milia
883 703 1096 734 sestertium.
1143 702 1333 734 Praeterea
1356 703 1534 734 statuitur
1556 704 1597 734 ut
1614 712 1659 735 exc
1674 711 1748 734 una
1766 711 1905 744 quaque

189 758 300 791 classe
327 769 397 801 par
421 769 591 792 numerus
614 760 654 792 in
678 769 893 802 unoquoque
915 758 1118 801 spectaculo
1141 758 1314 801 prodeat‚·
1348 758 1501 802 denique
1524 769 1569 791 ne
1592 768 1761 801 umquam
1784 768 1904 791 nume-

187 826 251 848 rus
266 815 516 857 gladiatorum
536 816 697 849 melioris
715 818 822 848 notae
838 818 983 859 superet
1001 816 1145 849 turbam
1164 815 1414 857 gladiatorum
1431 815 1650 858 vulgarium.
1663 834 1708 839 ——
1732 816 1790 854 30)
1813 814 1903 848 For-

189 875 282 904 tasse
305 881 374 906 scr.
400 871 533 906 famoso
558 871 764 916 (Hirschfl).
788 892 834 897 —
862 874 919 915 31)
948 873 1127 907 Videntur
1150 871 1315 914 intellegi
1337 882 1488 905 munera
1512 883 1554 905 ea
1582 873 1625 906 de
1649 873 1778 915 quibus
1799 871 1904 905 modo

188 929 324 962 dictum
348 932 411 970 est,
436 940 458 962 a
484 930 639 972 triginta
663 929 807 963 milibus
832 930 879 962 ad
903 930 1055 964 ducenta
1080 931 1182 963 milia
1206 933 1241 962 et
1262 940 1385 973 supra.
1404 947 1450 953 —
1474 929 1531 971 32)
1555 929 1762 962 Promiscua
1785 929 1903 962 multi·

188 986 273 1019 tudo
290 986 433 1019 videtur
449 997 521 1019 esse
533 986 783 1029 gladiatorum
801 987 988 1020 deterioris
1004 990 1121 1021 notae.
1134 1007 1179 1012 —
1196 985 1256 1031 33)
1280 986 1448 1029 Gregorii
1463 986 1630 1019 similiter
1646 986 1817 1019 videntur
1833 996 1904 1018 esse

184 1042 410 1085 gladiatores
433 1044 601 1086 viliores‚·
625 1041 674 1082 cf.
697 1043 856 1078 Momms.
883 1045 904 1079 l.
923 1055 952 1079 c.
974 1055 1010 1088 p.
1027 1044 1099 1078 444.
1137 1063 1180 1069 -
1217 1045 1275 1085 34)
1301 1043 1362 1077 Sic
1386 1044 1426 1076 in
1450 1054 1532 1076 aere
1555 1041 1719 1085 (melioris
1743 1042 1902 1076 acertatis

185 1100 388 1141 Buecheler,
421 1101 488 1134 hoc
511 1102 723 1135 vocabulum
748 1101 936 1134 deductum
960 1113 1033 1134 esse
1051 1104 1190 1144 putans
1213 1102 1256 1133 ab
1284 1101 1385 1140 acri;
1421 1099 1542 1133 melior
1565 1099 1749 1133 lacertatus
1772 1109 1903 1142 propo-

184 1158 258 1189 suit
281 1156 469 1202 Momms).
505 1177 548 1182 —
584 1159 642 1201 35)
666 1158 742 1191 Hoc
766 1161 801 1191 et
822 1160 940 1201 ipsum
965 1160 1172 1201 obscurum,
1198 1156 1246 1198 cf2
1271 1157 1430 1191 Momms.
1456 1156 1479 1190 l.
1505 1167 1534 1191 c.
1556 1167 1592 1200 p.
1614 1156 1677 1190 444
1700 1159 1774 1190 not.
1795 1156 1832 1191 2.
1858 1174 1900 1180 —

186 1215 243 1255 36)
269 1214 429 1247 Pretium
452 1217 641 1248 minimum
662 1215 895 1258 gladiatoris.
926 1235 971 1240 —
1003 1217 1061 1256 37)
1089 1214 1158 1248 Vm
1183 1226 1254 1248 aes.
1285 1233 1329 1239 —
1359 1215 1418 1254 38)
1440 1213 1657 1257 Corruptum
1681 1213 1834 1246 videtur.
1857 1231 1901 1237 -—-

185 1271 242 1313 39)
267 1271 346 1305 Scr.
364 1271 603 1314 praebendam.
625 1291 671 1297 —-
693 1274 752 1314 40)
776 1272 886 1314 Flere,
910 1275 1046 1305 vetuste
1062 1272 1199 1305 dictum
1213 1282 1280 1315 pro
1297 1272 1457 1315 implere.
1475 1277 1525 1296 -'
1542 1272 1601 1312 41)
1626 1270 1704 1305 Ser.
1723 1279 1902 1314 neque.—

184 1326 242 1370 42)
268 1326 322 1367 Cf.
339 1331 412 1362 not.
426 1329 483 1362 29.
503 1348 548 1352 —
571 1331 630 1371 43)
654 1328 732 1363 Ser.
750 1329 957 1372 opservatio.
979 1348 1024 1354 -—
1047 1331 1106 1370 44)
1134 1324 1349 1363 Clarissimis
1372 1330 1472 1361 viris.
1486 1347 1528 1352 -—-
1551 1329 1610 1369 45)
1634 1326 1761 1361 Dandis
1784 1325 1901 1359 delen-

185 1386 339 1419 dum.—
362 1386 421 1427 46)
445 1385 499 1417 De
523 1387 591 1419 kae
613 1397 653 1419 re
678 1385 725 1426 cf.
750 1386 943 1419 Mommsen
969 1385 991 1419 l.
1010 1396 1039 1420 c.
1064 1397 1098 1429 p.
1113 1386 1191 1420 445.
1214 1405 1259 1410 —
1283 1386 1340 1427 47)
1365 1384 1497 1418 Servus
1522 1384 1690 1428 (antiqua
1712 1384 1900 1416 scribenda

184 1440 308 1486 ratio).
331 1461 378 1466 —
399 1443 458 1485 48)
483 1442 560 1478 Ser.
587 1443 789 1487 pertineant.
807 1463 853 1468 —
876 1444 934 1486 49)
957 1443 1130 1476 Fortasse
1153 1452 1222 1478 scr.
1241 1445 1424 1476 onerentur
1441 1441 1648 1486 (Momm-m)-
1670 1459 1715 1465 —-
1741 1442 1796 1482 50)
1821 1439 1900 1474 Ser.

187 1508 275 1542 quae
293 1501 416 1543 (utque
440 1510 509 1541 aes,
533 1501 611 1533 sine
633 1500 952 1543 interpunctione).
969 1519 1015 1524 —
1040 1502 1095 1542 51)
1120 1500 1230 1533 Immo
1256 1501 1420 1533 curatori
1443 1502 1531 1533 viae.
1555 1517 1602 1523 -
1626 1499 1682 1539 52)
1706 1497 1784 1532 Ser.
1810 1507 1898 1541 quae

187 1555 261 1598 (vel
275 1555 328 1589 ius
346 1559 595 1601 potestasque).
611 1575 655 1581 —-
681 1559 737 1599 53)
761 1557 882 1590 Insere
898 1567 997 1601 quae,
1035 1559 1091 1599 54)
1109 1567 1179 1590 scr.
1198 1556 1300 1590 edita.
1313 1575 1358 1580 -—
1382 1557 1439 1598 55)
1465 1555 1659 1589 Structura
1672 1555 1896 1598 perturbata.

185 1631 229 1636 —
249 1614 304 1655 56)
323 1613 398 1646 Scr.
415 1612 556 1648 efficiat.
571 1633 616 1638 —-
641 1616 697 1656 57)
715 1614 798 1647 Viri
814 1613 1016 1648 clarissimi.
1034 1633 1079 1638 -—
1104 1615 1159 1656 58)
1177 1613 1388 1657 Requiritur
1404 1617 1574 1655 oportere.
1590 1630 1637 1636 —
1660 1613 1718 1653 59)
1735 1611 1830 1644 Haec
1843 1612 1896 1643 ita

185 1673 339 1703 asarota
355 1672 395 1703 in
411 1681 504 1712 aere,
528 1671 590 1704 sed
605 1673 683 1704 sine
699 1671 805 1704 dubio
823 1673 1017 1713 eorrupta‚·
1039 1670 1198 1711 fortasse
1222 1672 1341 1703 oratio
1365 1671 1445 1703 hiat
1460 1668 1672 1713 quibusdam
1689 1668 1840 1701 omissis.
1852 1686 1897 1692 -

184 1728 243 1768 60)
269 1727 428 1760 Pretium
443 1737 617 1760 summum
630 1727 852 1770 gladiatoris
874 1728 1018 1761 vilioris
1033 1730 1140 1760 notae
1147 1738 1162 1768 ;
1186 1725 1234 1766 cf.
1250 1737 1362 1769 supra
1378 1738 1410 1760 v.
1424 1728 1480 1761 56.
1498 1745 1543 1751 —
1568 1726 1626 1768 61)
1646 1723 1776 1767 Nomii,
1800 1724 1897 1757 dam-

183 1785 265 1825 nati
280 1783 332 1816 ad
343 1783 526 1826 gladium,
550 1784 732 1817 interdum
749 1784 946 1817 editoribus
962 1794 1150 1817 munerum
1172 1785 1328 1827 privatis
1345 1784 1643 1824 concedebantur,
1667 1775 1771 1815 cuius
1786 1782 1842 1814 rei
1856 1783 1896 1814 in

182 1841 381 1882 provinciis
404 1851 530 1874 curam
546 1842 692 1874 videtur
709 1843 872 1875 habuisse
892 1844 1116 1883 procurator
1133 1841 1290 1882 Augusti
1297 1831 1378 1881 ;‘de
1395 1842 1462 1873 hac
1478 1841 1677 1873 traditione
1699 1840 1895 1872 noeriorum

183 1899 247 1939 agi
279 1897 346 1930 hoc
378 1897 455 1930 loco
484 1899 616 1930 statuit
639 1898 877 1931 Mommsenus
901 1898 980 1940 eph.
1006 1898 1028 1932 I.
1047 1907 1077 1931 c.
1096 1907 1136 1940 p.
1151 1899 1226 1931 409.
1275 1897 1439 1931 Ceterum
1468 1898 1527 1930 hic
1557 1907 1697 1940 quoque
1718 1897 1894 1929 sententia

184 1955 373 1987 obscurata
406 1957 460 1986 est
490 1955 705 1998 quibusdam
736 1956 888 1990 omissis.
923 1974 968 1979 —
1004 1956 1063 1994 62)
1087 1954 1183 1987 Haec
1210 1956 1392 1997 pertinent
1417 1954 1466 1987 ad
1487 1953 1677 1996 editorem,
1707 1954 1767 1986 eui
1790 1953 1896 1985 noa-ii

183 2010 430 2044 tradebantur.
466 2031 511 2036 —
548 2013 604 2053 63)
636 2011 699 2045 Sic
723 2012 811 2054 legit
841 2011 939 2045 solus
962 2012 1145 2054 Berlanga
1171 2013 1226 2051 (in
1252 2012 1387 2056 ectypis
1410 2010 1505 2044 nihil
1525 2009 1603 2050 fere
1626 2008 1826 2054 apparuit).
1849 2028 1894 2034 —

183 2069 239 2110 64)
266 2066 320 2107 Cf.
345 2067 537 2101 Mommsen
561 2070 639 2112 eph.
657 2070 678 2103 l.
696 2079 724 2103 c.
747 2080 783 2112 p.
800 2070 864 2103 445
881 2073 973 2103 eoetr.
997 2089 1041 2094 —
1073 2071 1130 2110 65)
1157 2068 1210 2108 Cl'.
1238 2068 1431 2102 Mommsen
1457 2068 1479 2102 l.
1496 2078 1525 2101 c.
1547 2079 1583 2110 p.
1599 2067 1661 2101 410
1685 2070 1758 2102 not.
1774 2069 1805 2102 4.

901 2251 1167 2301 Palaestra.

296 2338 409 2385 5164
462 2341 741 2382 Filumenum.¹
761 2365 818 2370 -
844 2341 850 2395 Ι
878 2341 975 2381 Ddd.
998 2348 1037 2380 et
1063 2342 1264 2394 principes
1296 2356 1336 2382 n.
1359 2342 1623 2383 Valentinian.
1649 2340 1656 2396 Ι
1684 2341 1824 2381 Valens
1851 2347 1891 2380 et

182 2408 393 2449 Gratianus
414 2422 539 2462 semp.
559 2410 704 2462 Augg.²
730 2407 735 2464 Ι
764 2409 1014 2449 Filumenum
1046 2410 1086 2449 in
1110 2410 1219 2450 omni
1249 2411 1443 2451 aclhetico
1462 2413 1546 2458 (sic)
1580 2407 1808 2464 cerltamine
1837 2407 1887 2448 ab

182 2477 334 2517 oriente
372 2478 419 2517 ad
451 2478 657 2518 occidente
696 2475 816 2531 usq.)
857 2477 1068 2525 victorem,
1109 2479 1341 2530 pammacho
1387 2468 1494 2519 lucta
1537 2476 1728 2531 prancati.
1755 2479 1841 2524 (sic)
1879 2473 1886 2529 Ι

180 2544 395 2597 cestibusq.
427 2545 465 2585 id
487 2552 546 2586 est
566 2558 722 2599 pygme,
753 2545 951 2586 locatione
981 2543 1144 2600 staltuae
1175 2546 1215 2586 in
1248 2547 1459 2587 acletarum
1484 2549 1566 2596 (sce)
1602 2543 1731 2586 curia³
1760 2550 1888 2583 aeter-

182 2610 326 2667 nita1tis
363 2613 487 2664 gloria
517 2614 682 2666 dignum
722 2626 808 2654 esse
838 2613 1076 2654 iudicarunt.
1117 2612 1123 2668 Ι
1166 2613 1280 2660 Quod
1312 2627 1451 2656 omnes
1480 2614 1619 2668 xystici
1647 2618 1851 2664 gratanter
1876 2608 1885 2667 Ι

179 2688 431 2733 acceperunt,
461 2683 565 2723 sen.⁴
594 2683 741 2735 pariter
771 2681 929 2734 simulq.
958 2680 963 2735 Ι
989 2695 1028 2734 p.
1049 2682 1112 2722 R.⁶
1142 2682 1294 2734 ingenti
1325 2683 1460 2723 fabore
1490 2687 1726 2735 prosecutus
1757 2686 1828 2719 est.

292 2770 402 2816 5165
452 2771 646 2829 Ἰωάνης“
674 2770 928 2828 παλαιστὴς
949 2775 1197 2826 Σμυρναῖος
1223 2772 1229 2828 Ι
1257 2768 1494 2822 ἅπτωτοςῖ
1523 2770 1528 2826 Ι
1556 2771 1616 2812 Ob
1646 2770 1886 2812 fortitudinis

180 2839 317 2879 merita
348 2847 386 2879 et
415 2841 569 2881 virtutis
598 2838 813 2896 culmulum
846 2841 921 2881 hoc
947 2841 1052 2892 quod
1084 2840 1281 2881 excellens
1310 2841 1404 2881 artis
1431 2837 1567 2895 ro'bur
1597 2839 1739 2892 exegit,
1771 2851 1884 2892 prae-

179 2914 294 2959 cepto
334 2908 679 2950 invictissimorum
707 2908 711 2964 Ι
742 2910 967 2962 principum
1007 2909 1096 2949 ddd.
1130 2921 1230 2949 nnn.
1262 2907 1412 2948 FFFlll.
1447 2906 1723 2963 Valentilniani
1753 2907 1884 2947 Theo-

178 2975 275 3014 dosii
314 2983 352 3015 et
390 2976 569 3017 Arcadii⁸
611 2974 821 3032 lohanlnes
861 2978 1006 3017 meruit
1051 2984 1094 3017 ut
1135 2977 1240 3017 inter
1280 2976 1408 3016 omnis
1449 2976 1604 3028 pollens
1640 2974 1645 3030 Ι
1686 2975 1883 3016 locatione

177 3047 325 3081 statuae
355 3043 542 3084 videatur.
