2092 3360
234 184 260 222 4
983 184 1103 230 Caput
1126 184 1188 220 XI.

236 298 354 341 (infra
379 302 568 342 apertam),
592 302 632 332 ut
656 301 706 331 est
729 299 838 331 etiam
861 299 900 331 in
925 297 1090 332 Ardeates
1115 299 1299 341 vocabulo,
1322 299 1452 332 statuit
1475 298 1638 332 Huelsen.
1679 297 1841 332 Ceterum
1863 298 1949 343 Iup-

234 358 331 399 piter
354 357 412 389 hic
436 358 488 388 est
512 355 682 397 Latiaris,
717 357 758 387 ut
786 354 922 388 dicitur
951 356 990 387 in
1017 355 1124 389 titulo
1156 355 1276 389 eodem
1309 355 1387 389 loco
1418 358 1560 398 reperto
1591 353 1693 395 infra
1718 353 1762 389 Ν.
1774 355 1878 391 5072.
1902 374 1950 381 —

238 413 271 453 2)
298 414 351 446 tes
376 412 519 445 litterae
542 413 582 443 in
606 411 716 443 latere
740 411 845 445 basis.

349 490 462 538 2991
513 493 592 533 Sa.¹
624 492 759 531 Burtio
792 490 834 530 V.
866 491 892 530 f.
919 490 925 545 Ι
954 490 1046 531 Iue²
1076 492 1180 532 dono
1207 491 1214 545 Ι
1241 492 1327 534 ded.
1360 498 1523 533 mereto.

350 559 410 591 Ad
432 558 548 591 lacum
573 558 752 591 Fucinum
776 553 857 600 rep}
876 556 985 601 (Eph.
1010 568 1063 601 ep.
1087 560 1120 599 8,
1138 558 1199 592 474
1229 559 1320 592 vidit
1342 559 1524 603 Huelsen).
1552 578 1597 583 —
1623 559 1655 602 1)
1679 546 1824 593 Salvius
1845 569 1950 603 prae-

240 625 378 648 nomen.
404 632 445 638 —
473 615 506 656 2)
531 614 603 655 lue,
627 614 720 648 idem
745 615 841 657 quod
864 614 960 656 que,
985 614 1073 648 Iovi.

351 693 466 739 2992
515 695 677 748 Tampia
707 695 751 735 L.
783 696 809 735 f.
838 693 843 748 Ι
872 696 1016 735 Diovei.

357 762 555 804 Aquileiae,
579 764 618 795 in
643 762 828 795 columnae
849 765 954 805 parte
977 772 1113 795 summa
1139 750 1238 805 (Vp.
1255 761 1352 802 4075,
1379 762 1471 795 vidit
1492 763 1577 795 Pais
1602 761 1688 796 CIL.
1703 762 1817 806 suppl.
1835 761 1915 796 Ital.
1933 761 1956 795 I

238 829 274 853 n.
288 820 387 860 595).

352 873 465 922 2993
514 877 709 930 Tampiai¹
737 877 744 933 Ι
772 877 918 918 Diovei.

355 944 515 986 Peragae
543 955 657 988 prope
680 946 884 985 Patavium,
916 946 955 977 in
990 943 1174 977 columnae
1198 945 1306 986 parte
1336 952 1474 976 summa
1499 942 1538 986 (I
1557 942 1656 977 4455.
1694 941 1732 975 V
1749 942 1836 977 2799
1859 942 1953 976 vidit

241 998 462 1044 Mommsen).
483 1019 527 1026 -
554 1002 585 1043 1)
609 1001 781 1034 Fortasse
805 1002 864 1034 hic
887 1011 1026 1044 quoque
1049 999 1125 1040 suit
1149 999 1291 1044 Tampia
1309 999 1345 1033 L.
1365 999 1388 1033 f.
1407 997 1474 1043 (cf.
1493 999 1576 1032 Pais
1593 999 1615 1033 l.
1630 1000 1689 1033 cit.
1707 998 1756 1032 ad
1769 997 1815 1033 Ν.
1829 999 1951 1043 2992).

353 1102 469 1149 2994
826 1135 835 1144 .
858 1135 867 1144 .
892 1134 901 1145 .
924 1118 947 1145 o
979 1104 1105 1145 Iovei¹
1140 1104 1295 1144 Victore

826 1173 1196 1213 ...T.Mefu...
1229 1173 1328 1212 M.f.

823 1271 833 1281 .
857 1271 866 1281 .
890 1271 899 1282 .
922 1241 975 1280 111
997 1241 1054 1280 vir
1101 1245 1192 1281 resti
1212 1241 1298 1281 tuit.

354 1305 486 1339 Romae
509 1317 583 1350 rep.
607 1308 647 1340 in
666 1307 858 1350 Quirinali,
882 1318 955 1341 una
972 1311 1013 1341 ut
1028 1237 1174 1341 violetur
1192 1238 1278 1341 ]cum
1302 1307 1444 1342 Ν.5440
1462 1307 1589 1348 (1658.
1617 1306 1670 1341 VI
1682 1307 1750 1341 438
1767 1305 1814 1345 cll
1826 1306 1956 1341 50767‘1

240 1363 354 1398 deser.
370 1363 486 1396 Iustus
501 1362 713 1407 Rycquius).
740 1383 782 1388 —
811 1366 841 1407 1)
866 1364 985 1398 Diovei
1011 1367 1099 1405 (non
1124 1365 1251 1407 oiovei)
1276 1366 1316 1397 in
1343 1364 1461 1407 lapide
1484 1361 1596 1403 fuisse
1616 1366 1727 1406 putat
1750 1363 1956 1397 Mommsen.

243 1439 285 1444 —
310 1419 370 1453 Ad
394 1420 610 1463 Capitolium
639 1424 749 1463 vetus,
782 1422 877 1464 quod
906 1420 980 1462 fuit
1011 1424 1050 1455 in
1083 1421 1281 1463 Quirinali,
1313 1421 1459 1454 titulum
1492 1420 1634 1454 rettulit
1656 1419 1863 1461 Mommsen,
1894 1420 1958 1454 sed

244 1475 292 1515 cf.
318 1476 468 1509 Huelsen
493 1476 582 1510 Mus.
606 1476 715 1511 maen.
740 1478 825 1512 4894
848 1489 881 1520 p.
898 1480 974 1512 408.

357 1556 469 1603 2995
521 1568 577 1612 (in
599 1572 702 1613 parte
734 1570 870 1614 antica)
906 1561 985 1600 lovi
1014 1570 1070 1614 (in
1089 1569 1248 1613 postica)
1276 1559 1369 1611 imp.
1393 1558 1533 1600 caesar
1553 1558 1814 1610 Vespasianus
1834 1556 1953 1613 Aug.1

245 1637 319 1677 per
348 1626 558 1678 collegium
589 1629 823 1680 pontificum
858 1629 963 1668 secit.

359 1691 489 1726 Romae
508 1704 624 1736 prope
647 1695 804 1728 thermas
834 1695 920 1737 Titi,
953 1698 995 1728 ut
1018 1695 1171 1737 videtur,
1203 1704 1278 1737 rep.
1312 1693 1384 1737 (VI
1402 1695 1480 1736 569,
1505 1695 1775 1736 inscriptionem
1797 1693 1958 1735 posticae

246 1748 351 1782 multi
366 1748 631 1793 descripserunt
645 1761 736 1785 saec.
751 1752 853 1795 XVI,
877 1754 916 1784 in
933 1752 987 1784 his
1004 1751 1169 1794 Smetz‘us,
1194 1753 1336 1785 anticae
1357 1751 1427 1784 duo
1454 1753 1595 1783 tantum
1619 1750 1675 1783 vel
1698 1753 1779 1790 tres,
1805 1759 1958 1793 quorum

245 1816 338 1839 unus
361 1805 431 1840 Iovi
457 1809 497 1841 in
521 1807 592 1840 alio
617 1818 707 1841 saoeo
730 1807 845 1848 fuisse
870 1808 1012 1852 tradit).

358 1897 473 1944 2996
522 1900 551 1940 Ι.
585 1914 620 1941 ο.
654 1914 704 1941 m.
736 1903 796 1950 s.¹‚
824 1900 830 1955 Ι
857 1900 1137 1951 conservaturi
1168 1901 1323 1954 imperii
1352 1900 1388 1940 d.
1413 1913 1452 1939 n.
1478 1898 1484 1952 Ι
1514 1928 1524 1938 .
1542 1929 1551 1938 .
1570 1928 1579 1937 .
1598 1929 1607 1938 .
1626 1898 1653 1937 .²
1682 1899 1779 1950 Aug.
1809 1904 1848 1937 et
1879 1894 1958 1952 ex}-

244 1965 416 2006 auditori
447 1965 623 2023 prelcum
654 1970 813 2022 generis
839 1969 845 2025 Ι
872 1970 1047 2019 humani,
1081 1969 1122 2009 C.
1144 1966 1353 2024 Munaltius
1384 1968 1491 2007 Felix
1522 1972 1610 2015 vet„
1637 1966 1643 2022 Ι
1670 1967 1709 2006 fl.
1740 1979 1778 2019 p.
1801 1965 1856 2018 ρκ’·
1886 1977 1959 2018 po-

248 2034 326 2074 suit
355 2033 648 2090 dedilcavitque.

363 2101 404 2133 In
421 2101 594 2135 Numidia
613 2104 688 2136 loco
707 2103 801 2135 dicto
819 2102 1041 2146 El—Mahder,
1065 2104 1162 2136 inter
1180 2102 1314 2136 Cirtam
1332 2105 1366 2135 et
1381 2101 1604 2135 Lambaesim
1619 2098 1713 2144 (Rea.
1731 2100 1774 2133 de
1792 2099 1962 2134 Constan-

252 2158 325 2189 tine
346 2158 405 2198 50,
430 2156 549 2202 489516
571 2169 606 2201 p.
623 2160 712 2199 285;
737 2159 895 2191 Bulletin
920 2160 1018 2193 arclz.
1045 2160 1092 2192 du
1117 2157 1247 2193 comite
1270 2159 1330 2191 des
1354 2161 1513 2191 travauoe
1537 2159 1618 2190 hist.
1642 2156 1727 2189 4896
1747 2166 1784 2198 p.
1799 2157 1961 2198 285).—

253 2213 285 2254 1)
317 2213 479 2248 Sacrum.
513 2233 560 2239 —
596 2216 629 2256 2)
661 2215 816 2247 Erasum
846 2225 974 2247 nomen
1005 2218 1251 2258 imperatoris,
1287 2215 1492 2248 litterarum
1524 2216 1697 2257 quattuor
1728 2213 1784 2245 vel
1806 2214 1962 2255 quinque

251 2268 354 2310 (Cari
376 2268 562 2311 fortasse).
596 2290 640 2295 ——
677 2273 710 2313 3)
740 2271 891 2304 Flamen
919 2274 1115 2314 perpetuus
1147 2270 1319 2314 (fortasse
1350 2271 1510 2304 coloniae
1542 2269 1743 2313 Cirtensis).
1792 2268 1961 2301 Eiusdem

251 2328 408 2360 nominis
431 2329 499 2369 vir,
522 2326 677 2367 fortasse
699 2328 804 2370 idem,
829 2329 959 2368 flamen
980 2331 1175 2372 perpetuus
1200 2331 1233 2362 et
1257 2330 1405 2361 curator
1430 2328 1590 2361 coloniae
1609 2326 1780 2360 Cirtensis
1797 2335 1829 2358 a.
1842 2324 1915 2358 505
1940 2335 1962 2357 a

252 2383 461 2416 christianis
486 2384 702 2418 Cirtensibus
725 2387 925 2428 scripturas
949 2396 1071 2418 sacras
1095 2386 1164 2418 sibi
1188 2385 1288 2418 tradi
1312 2386 1419 2417 iussit
1443 2384 1566 2428 (Gesta
1591 2383 1692 2427 apud
1714 2381 1962 2424 Zenopltilum’,

252 2439 291 2472 in
315 2440 369 2473 ed.
395 2439 518 2483 Optati
543 2441 810 2476 Vindobonensi
829 2452 866 2484 p.
886 2442 977 2483 486).

364 2531 477 2577 2997
523 2534 552 2574 Ι.
574 2548 610 2574 ο.
631 2547 683 2574 m.
711 2534 718 2589 Ι
745 2547 899 2574 summo
921 2532 1262 2590 excellenltissimo
1289 2533 1294 2589 Ι
1323 2533 1493 2574 Maecius
1514 2533 1667 2573 Probus
1687 2543 1720 2571 v,
1742 2543 1790 2579 c.‚
1812 2530 1935 2582 praef.
1955 2528 1958 2582 Ι

253 2600 387 2650 alim.¹,
419 2602 524 2653 quod
555 2603 630 2642 hoc
660 2603 701 2642 in
731 2603 819 2643 loco
849 2600 855 2656 Ι
881 2615 1027 2655 anceps
1061 2602 1282 2656 periculum
1309 2601 1315 2656 Ι
1342 2600 1574 2642 sustinuerit
1599 2599 1606 2655 Ι
1633 2605 1672 2639 et
1692 2599 1837 2638 bonam
1858 2598 1962 2638 vaie-

252 2666 444 2724 tudilnem
475 2669 763 2722 reciperaverit,
790 2670 796 2725 Ι
824 2684 857 2710 v.
889 2670 937 2710 s.²

368 2735 411 2767 In
434 2746 524 2777 agro
551 2736 729 2780 Campano
754 2747 828 2780 rep.
855 2736 908 2778 (X
921 2738 1013 2772 5805
1039 2738 1129 2771 vidit
1154 2737 1373 2777 Mommsen).
1407 2753 1451 2760 —
1488 2735 1520 2777 1)
1546 2731 1752 2773 Pr08f0⁰l¹⁴⁸
1775 2732 1963 2766 flumem&

254 2802 346 2826 rum.
372 2811 412 2816 —
441 2793 473 2834 2)
500 2793 630 2827 Votum
653 2794 771 2828 solvit.

367 2871 483 2919 2998
542 2875 619 2915 Iovi
651 2888 804 2916 summo
836 2875 1250 2929 exlsuperantissimo¹
1286 2873 1292 2929 Ι
1327 2873 1546 2913 divinarum
1577 2867 1961 2926 huimanarumquel

256 2953 389 2981 rerum
411 2943 555 2982 rectori
582 2942 587 2998 Ι
616 2944 865 2995 satorumque
886 2942 1044 2997 arlbitro
1068 2973 1077 2983 .
1097 2973 1105 2983 .
1125 2973 1134 2982 .
1154 2973 1162 2982 .
1180 2955 1201 2982 a
1226 2939 1232 2997 Ι
1255 2970 1264 2981 .
1283 2970 1293 2980 .
1312 2970 1321 2981 .
1340 2970 1349 2980 .
1372 2945 1410 2980 et
1431 2952 1504 2993 pro
1524 2938 1529 2993 Ι
1548 2968 1698 2982 ......
1722 2938 1796 2990 leg.
1815 2935 1820 2993 Ι
1839 2967 1963 2978 .....

369 3008 479 3050 Apuli
497 3008 723 3051 (Carlsburg)
746 3012 784 3042 in
800 3010 916 3043 Dacia
935 3010 1008 3051 (III
1022 3011 1105 3044 4090
1130 3010 1184 3042 bis
1206 3010 1249 3040 ut
1272 3007 1414 3040 videtur
1439 3007 1620 3050 descripta
1643 3015 1734 3039 saec.
1752 3003 1902 3048 XVIII).
1921 3022 1964 3029 —

259 3065 290 3105 1)
316 3064 449 3097 Eodem
474 3068 687 3107 cognomina
714 3066 807 3099 Iovis
831 3064 876 3101 N.
893 3067 995 3100 5005.
1021 3067 1124 3108 5094,
1158 3067 1240 3098 icem
1265 3063 1319 3098 VI
1338 3064 1414 3097 426.
