2092 3360
365 150 481 188 'rituli
505 150 732 198 pertinentes
755 149 803 186 ad
827 149 944 186 ludos.
969 169 1016 175 -
1039 149 1282 196 Appetitores
1302 148 1471 186 ludorum
1488 147 1715 184 circensium.
1810 147 1891 187 345

159 287 163 291 ·
181 266 245 301 sod
259 266 297 301 P.
310 266 473 300 Annium
490 264 748 308 Chelidonium,
764 267 900 299 socium
917 264 1082 299 videlicet
1097 265 1196 298 Ateii
1210 263 1392 308 Capitonis
1408 261 1473 304 (cf.
1489 265 1564 298 not.
1575 262 1630 308 2).
1643 282 1685 287 —
1707 262 1742 303 4)
1757 262 1896 296 Forma

182 326 320 357 vetusta
344 323 484 357 indicat
515 324 668 356 aetatem
692 322 860 366 Augusto
889 323 922 355 η’
951 332 1023 355 non
1054 323 1312 365 antiquiorem,
1344 323 1437 355 certe
1468 330 1541 354 non
1564 320 1797 354 recentiorem
1822 318 1897 364 (ea-

182 381 262 414 dem
293 383 391 414 aetas
421 379 610 413 indicatur
638 379 737 412 Ateii
767 379 951 423 Capitonis
981 381 1016 411 et
1048 378 1305 421 Vipsaniorum
1334 378 1539 411 nominibus
1570 375 1617 418 cll
1641 379 1715 411 not.
1730 376 1762 412 4.
1776 378 1827 419 6).
1850 394 1897 401 —

183 439 216 479 5)
243 436 313 480 Qui
334 434 440 477 infra
464 437 594 480 scripti
616 438 711 471 sunt.
746 454 792 461 ——
828 437 862 478 6)
892 435 1017 469 Lihm·
1046 436 1110 479 qm·
1136 434 1290 475 fuerunt
1319 437 1358 468 in
1383 436 1450 468 Ιιαο
1472 433 1617 474 familia
1645 436 1793 477 eze-epto
1823 443 1896 467 uno

183 494 219 528 P.
238 493 410 536 Quinctio
435 493 568 534 Primo,
599 491 646 526 M.
666 492 834 536 Vipsanii
857 495 973 534 erant,
1001 490 1161 532 fortasse
1185 491 1232 526 M.
1249 492 1434 535 Agrippae
1459 491 1587 526 liberti.
1621 510 1665 516 —
1698 491 1733 533 7)
1763 490 1818 523 Do
1841 491 1898 523 his

182 551 360 584 ministris
390 549 558 584 ludorum
590 550 804 583 circensium
836 547 884 589 es.
907 548 1154 583 Friedlc‘inder
1176 559 1235 592 ap.
1260 548 1478 592 Marquardt
1502 547 1656 582 Staatsv.
1681 546 1756 580 111²
1777 557 1813 591 p.
1827 547 1895 581 524

183 611 257 644 not.
270 609 306 642 5.
319 627 365 632 —
390 607 424 649 8)
450 606 662 641 Conditor-es
677 604 879 647 factionum
904 608 990 639 sunt
1007 607 1115 639 etiam
1131 604 1177 639 N.
1194 606 1297 640 5295.
1313 605 1403 640 3504
1415 615 1502 648 seq„
1539 605 1572 646 9)
1596 604 1753 638 medicus
1767 603 1899 644 factio·

184 667 240 698 nic
263 663 309 700 N.
325 665 427 699 5540.
450 682 495 688 —
528 665 582 706 10)
606 662 723 697 Locus
747 663 891 696 videtur
916 664 1097 696 vacavisse
1120 663 1260 696 nomini
1282 661 1498 704 recipiendo.

299 755 414 802 5314
473 766 626 811 (palma)
651 755 813 796 victoria
845 754 852 809 1
890 755 1192 796 venetianorum
1228 753 1235 802 Ι
1270 765 1428 806 semper
1460 751 1467 808 Ι
1501 758 1658 794 constet
1692 751 1698 807 Ι
1731 754 1899 794 feliciter

185 823 430 914 (palmgjomae
460 880 529 920 (VI
552 879 655 914 40044
685 879 780 913 vidit
804 878 976 923 Henzen).
1013 897 1059 903 —
1093 878 1137 911 In
1170 876 1276 911 titulo
1306 876 1500 920 sepulcrali
1527 877 1666 910 urbano
1699 876 1809 911 Inscr.
1837 876 1899 912 Gr.

186 938 285 973 SieiL
304 937 383 973 Ital.
401 938 491 972 4305
515 937 738 980 adsm'ptum
762 939 836 969 ut:
860 932 900 978 ἐς
923 931 1025 971 ἐῶνα
1049 930 1316 975 Βενετιανούς,
1340 934 1521 981 Πρίνκιπι
1546 934 1619 974 (vel
1643 934 1855 979 Πρίνκιπς).

299 1028 412 1076 5315
466 1060 476 1069 .
494 1059 503 1069 .
522 1060 532 1069 .
552 1043 595 1070 .s
621 1028 626 1084 Ι
655 1025 882 1085 [of]ficiales
908 1026 914 1082 1
941 1027 989 1067 ab
1021 1040 1088 1067 ara
1119 1027 1222 1068 Circi
1249 1027 1254 1081 Ι
1290 1028 1446 1080 parenti
1472 1025 1478 1081 Ι
1505 1026 1735 1080 dignissimo
1762 1027 1768 1079 Ι
1796 1057 1806 1066 .
1827 1056 1837 1065 .
1861 1024 1896 1080 ,Ι

187 1100 324 1141 Biroti.
355 1109 414 1154 (ln
439 1109 550 1142 latere
573 1107 718 1149 dextro)
744 1127 753 1136 .
778 1127 787 1136 .
809 1126 820 1137 .
858 1095 864 1150 1
899 1096 957 1136 Fl.
978 1096 1088 1137 Ariet
1104 1126 1114 1135 .
1134 1126 1143 1135 .
1164 1125 1197 1144 .‚
1240 1095 1245 1144 Ι
1286 1095 1420 1136 Aelius
1449 1095 1679 1144 Yacinthus,
1718 1095 1725 1150 Ι
1766 1095 1900 1135 Aelius

185 1168 403 1209 Yacinthus
432 1168 475 1216 f„
501 1165 507 1221 Ι
535 1165 658 1206 Murr.
689 1165 815 1205 Neon.

300 1234 431 1269 Romae
455 1233 527 1279 (VJ
545 1233 663 1268 53942
688 1248 732 1261 =
756 1230 902 1265 Notizie
925 1231 1025 1286 degli
1047 1233 1146 1264 soavi
1167 1230 1255 1265 4897
1276 1241 1311 1274 p.
1328 1230 1420 1271 457).

301 1414 414 1462 5316
474 1413 540 1473 [ἀ.]
573 1429 625 1457 m.
660 1419 667 1468 Ι
703 1446 842 1456 .....
864 1415 990 1456 morie
1021 1414 1347 1456 catadromarius¹
1382 1414 1388 1469 Ι
1424 1410 1539 1470 [ludis
1568 1410 1787 1469 ROJmanis‚
1831 1413 1897 1466 qui

187 1486 401 1528 catadrom.
427 1484 434 1541 Ι
463 1482 708 1542 [decucurrit]
741 1484 923 1527 CCXXVI
953 1485 994 1524 in
1026 1479 1193 1524 Glauce²
1229 1492 1394 1537 (palma).

302 1553 436 1587 Romae
466 1553 516 1586 ad
548 1553 584 1587 S.
608 1553 812 1587 Sebastiam'
840 1562 912 1595 rep.
948 1550 1021 1595 (VJ
1039 1550 1145 1584 40457
1169 1549 1311 1583 Henzen
1340 1550 1431 1584 vidit
1457 1549 1653 1594 eetypum).
1689 1568 1735 1574 —
1771 1550 1805 1590 1)
1831 1548 1903 1591 Qui

185 1622 252 1655 per
276 1610 522 1644 catadromum
546 1610 756 1644 descendere
785 1609 913 1643 solitus
937 1611 990 1642 est
1020 1606 1286 1653 (funambulus)
1294 1619 1308 1648 ‚·
1343 1606 1390 1647 cll
1414 1607 1499 1650 Dig.
1522 1606 1576 1649 49,
1599 1607 1630 1649 4,
1653 1607 1718 1648 54;
1754 1605 1902 1640 Sueton-

188 1666 273 1702 Ner.
290 1667 343 1710 44,
367 1667 439 1700 Dio
455 1667 508 1709 64,
527 1667 578 1703 47.
595 1687 641 1693 -
666 1669 699 1711 2)
722 1667 862 1701 Nomen
885 1667 968 1709 equi
992 1676 1064 1698 esse
1089 1666 1242 1699 coniecit
1266 1664 1424 1706 Henzen,
1448 1665 1508 1697 cui
1529 1663 1687 1697 insidens
1710 1662 1772 1696 ille
1795 1663 1901 1696 decu-

190 1726 359 1766 currerit,
383 1727 427 1758 ut
449 1724 636 1768 elephanto
660 1735 766 1768 eques
790 1735 811 1757 a
837 1723 1009 1758 Suetonio
1034 1725 1070 1754 et
1091 1721 1209 1755 Dione
1233 1722 1323 1763 (not.
1338 1721 1375 1763 4)
1399 1716 1627 1755 memoratus.
