2092 3360
252 167 336 205 204
997 167 1119 213 Caput
1141 167 1206 202 XI.

364 280 483 328 4550
513 311 522 320 .
542 311 550 320 .
570 311 579 320 .
602 281 715 321 Marti
743 279 748 336 Ι
776 281 936 322 Camulo
964 279 970 336 Ι
996 282 1040 322 L.
1063 282 1208 324 Lellius
1235 280 1241 338 Ι
1269 284 1402 325 Serius
1430 282 1436 340 Ι
1462 297 1492 328 v,
1517 298 1548 325 s.
1570 285 1594 324 l.
1616 297 1669 325 m.

365 349 491 390 Arion,
515 349 580 381 ubi
601 347 678 387 fuit
704 347 926 382 Orolaunum
951 351 1051 382 vicus
1073 353 1117 383 ut
1138 351 1283 384 videtur
1305 350 1495 385 Remorum
1520 350 1776 396 (Selium-mans
1797 354 1892 389 Bull.
1908 355 1969 389 des

251 407 493 439 commissions
516 415 597 448 roy.
614 405 712 437 d'art
734 407 768 437 et
789 404 982 439 d'arclzeol.
1001 406 1117 441 Bruoe.
1134 408 1218 442 4876
1237 419 1274 451 p.
1291 408 1383 453 448).
1426 408 1530 442 Alios
1553 408 1674 442 titulos
1690 409 1805 444 Marti
1822 411 1968 446 Gamulo

251 463 390 495 dicatos
413 462 520 494 habes
545 460 615 494 VII
630 461 718 495 4405
742 460 791 501 cf.
817 462 908 505 Eph.
924 464 956 505 7,
972 463 1061 497 4095
1084 467 1120 496 et
1142 475 1254 507 supra
1270 464 1316 499 Ν.
1334 466 1403 499 255
1429 465 1550 505 (deum
1574 465 1759 500 Camulum
1776 467 1968 502 Viroman—

249 519 359 551 duum
383 528 457 550 non
480 520 577 550 recte
600 518 769 551 nonnulli
791 520 956 552 invenire
977 521 1049 553 sibi
1072 522 1142 553 visi
1164 524 1250 554 sunt
1271 523 1311 555 in
1334 521 1544 564 fragmento
1567 522 1660 556 XIII
1678 523 1793 567 4465),
1819 524 1966 560 Cumulo

248 585 322 607 una
348 585 427 607 cum
452 574 535 607 aliis
566 574 638 607 diis
663 575 821 608 dicatum
846 576 992 609 titulum
1023 575 1126 616 infra
1149 577 1195 612 N.
1215 579 1318 614 4655.
1363 578 1469 612 Falsi
1491 582 1576 613 sunt
1599 580 1700 613 tituli
1724 580 1779 614 VI
1796 582 1831 624 5,
1851 580 1968 616 5557*

251 631 310 674 (=
331 631 436 664 Orell.
455 630 569 674 4978).
594 630 646 664 IX
658 632 763 666 456*.
790 632 996 667 XIV428*.

362 722 474 768 4551
516 723 630 764 Marti
656 721 662 779 Ι
691 723 811 765 carro
839 724 845 779 Ι
874 725 1009 766 Cicino
1037 725 1044 781 Ι
1071 726 1115 765 L.
1137 726 1275 779 Pomp.
1299 724 1521 782 Mylrismus
1545 726 1553 783 Ι
1579 742 1613 768 v.
1636 743 1667 770 s.
1688 730 1714 769 l.
1735 742 1788 770 m.

362 791 475 834 Prope
499 789 604 824 Reios
630 790 768 824 Galliae
791 791 1038 826 Narbonensis
1068 803 1143 836 rep.
1176 792 1263 837 (XII
1283 794 1352 828 556
1377 795 1426 828 ad
1449 798 1615 840 ectypum
1636 797 1967 840 photographicum

249 850 436 890 descripsit
460 848 502 880 de
526 846 703 880 Lauriere
727 850 975 894 architectus).

362 929 478 975 4552
534 930 648 970 Marti
680 930 875 983 Caturigi¹
912 929 917 985 Ι
952 932 996 972 L.
1029 932 1178 973 Camill.
1211 932 1373 973 Aetolus
1407 931 1413 987 Ι
1449 934 1640 986 templum
1671 947 1693 974 a
1725 947 1828 974 novo
1862 935 1870 988 Ι
1903 935 1967 975 in-

251 996 418 1055 [st]ituit.
1559 1042 1563 1046 .

363 1067 479 1108 Prope
495 1066 758 1099 Eburodunum
776 1065 976 1110 (Yverdun)
1002 1077 1076 1110 rep.
1096 1066 1202 1110 (XIII
1213 1068 1299 1100 5046
1315 1067 1409 1100 vidit
1424 1067 1616 1112 Schmidt).
1633 1087 1677 1093 —
1706 1071 1737 1112 1)
1760 1069 1862 1103 Alios
1878 1071 1969 1103 eius-

249 1123 327 1154 dem
350 1123 510 1155 numinis
534 1122 660 1155 titulos
683 1134 729 1155 em
752 1123 874 1156 eadem
898 1125 1047 1163 regione
1070 1124 1177 1156 habes
1201 1122 1291 1156 XIII
1308 1125 1411 1158 5055.
1435 1126 1524 1158 5054
1539 1142 1585 1155 =
1601 1125 1713 1159 Inscr.
1730 1126 1828 1160 Helv.
1845 1126 1898 1160 70.

360 1202 478 1248 4553
531 1204 560 1244 l.
593 1217 629 1244 ο.
661 1217 713 1244 m.
746 1203 752 1258 Ι
788 1211 827 1245 et
857 1205 969 1245 Marti
1000 1202 1185 1261 Calturigi
1217 1204 1354 1262 Genlio
1385 1206 1483 1255 loci,
1525 1207 1566 1246 C.
1595 1204 1600 1261 Ι
1627 1207 1699 1247 lul.
1731 1186 1966 1254 Quietus—b.

249 1274 344 1313 cOS.¹
371 1272 376 1327 Ι
404 1285 438 1312 v.
461 1286 492 1313 S.
525 1272 550 1312 l.
582 1272 608 1312 l.
639 1285 692 1312 m.
726 1281 783 1326 (in
815 1282 928 1316 latere
958 1284 1156 1317 cantharus
1186 1287 1221 1317 et
1249 1288 1398 1328 patera5
1433 1285 1472 1317 in
1502 1285 1616 1318 altero
1648 1285 1760 1318 latere
1790 1286 1905 1319 culter
1933 1288 1969 1319 et

246 1341 412 1382 securis).

362 1398 476 1439 Prope
500 1396 727 1438 Boeclcingen
754 1395 822 1441 (ibi
845 1398 908 1430 ubi
930 1395 976 1432 N.
993 1397 1100 1441 2645)
1132 1408 1219 1441 rep„
1250 1400 1301 1431 est
1324 1398 1510 1440 Stutlgart
1543 1398 1649 1442 (XIII
1667 1398 1750 1432 6474
1773 1415 1818 1428 =--
1841 1398 1968 1432 Bram-

249 1454 339 1485 bach
361 1453 451 1486 4588
475 1453 567 1486 vidit
589 1452 886 1497 Zangemeister).
911 1473 956 1478 —
983 1455 1014 1494 1)
1041 1454 1301 1494 Beneficiarius
1324 1455 1536 1489 consularis.

362 1533 481 1577 4554
538 1531 613 1589 [i]n
645 1535 683 1573 h.
715 1534 752 1573 d.
775 1535 812 1573 d.
841 1533 846 1587 Ι
873 1535 947 1574 deo
979 1536 1092 1575 Marti
1120 1533 1125 1590 Ι
1154 1534 1316 1576 Cicollui
1343 1534 1349 1590 Ι
1377 1537 1536 1577 Pudens
1561 1534 1569 1591 Ι
1596 1537 1854 1577 Pudentiani¹
1879 1537 1887 1592 Ι
1913 1538 1967 1578 fil.

362 1600 476 1644 Dijon
501 1611 574 1643 rep.
601 1600 708 1641 (XIII
717 1600 804 1634 5479
828 1601 918 1634 vidit
934 1601 1140 1641 Hirschfeld
1144 1614 1158 1643 ;
1183 1602 1319 1635 Mowac
1342 1614 1449 1636 revue
1466 1604 1567 1638 areli.
1585 1604 1637 1646 44,
1654 1604 1741 1638 4889
1760 1614 1799 1647 p.
1815 1604 1880 1638 574
1879 1607 1970 1647 ).——

250 1659 282 1698 1)
306 1658 477 1691 Fortasse
500 1658 594 1689 idem
611 1658 858 1690 Pudentianus
882 1659 945 1697 qui
969 1669 1064 1690 anno
1081 1659 1148 1691 249
1171 1661 1293 1699 posuit
1321 1661 1465 1692 titulum
1489 1660 1580 1693 XIII
1591 1661 1691 1695 5475.

362 1736 475 1783 4555
514 1739 613 1791 Aug.
635 1751 712 1779 sac.
740 1739 746 1793 Ι
773 1739 846 1779 deo
877 1738 991 1778 Marti
1013 1736 1190 1794 Cilcollui
1221 1746 1260 1779 et
1288 1740 1426 1790 Litavi,
1453 1741 1460 1793 Ι
1487 1742 1530 1781 Ρ.
1552 1742 1682 1782 Attius
1703 1738 1933 1799 Paterclu[s]
1956 1738 1965 1795 Ι

247 1820 270 1846 v
314 1820 345 1847 s.
377 1807 404 1846 l.
435 1819 487 1846 m.

362 1873 655 1918 Aignay-le-Duc
681 1873 831 1917 (Creuly
855 1884 963 1906 revue
980 1875 1078 1908 areli.
1094 1876 1129 1916 5,
1153 1874 1240 1909 4862
1260 1885 1299 1917 p.
1317 1874 1390 1915 446,
1415 1874 1550 1908 Mowat
1564 1885 1672 1909 revue
1688 1877 1786 1910 areli.
1803 1877 1855 1918 44,
1879 1877 1967 1911 4889

246 1931 376 1972 7,.572,
402 1930 516 1973 Lejay
541 1932 650 1964 inser.
676 1931 718 1963 de
743 1931 778 1963 la
805 1929 887 1963 Cdte
911 1930 998 1963 d’Or
1020 1942 1054 1971 p.
1073 1930 1147 1972 45).

360 2010 474 2057 4556
512 2012 691 2052 Paterio¹
719 2010 724 2066 Ι
753 2012 914 2052 cornice
935 2012 1031 2051 Mar.
1059 2010 1064 2066 Ι
1093 2011 1309 2052 Cnabeti0²
1338 2017 1413 2054 vot.
1448 2011 1503 2051 r.³
1536 2012 1562 2051 l.
1593 2012 1619 2052 l.
1650 2025 1703 2052 m.

365 2079 601 2112 Osterburlcen
631 2079 680 2113 ad
709 2079 857 2112 limitem
884 2078 1096 2112 Germaniae
1125 2088 1216 2120 νειμ,
1252 2078 1382 2111 tabella
1414 2089 1524 2112 aenea
1550 2078 1811 2119 (Sclzumacher
1834 2079 1967 2114 Kastell

251 2136 488 2169 Osterburlcen
503 2135 824 2180 [obergerm.-raet.
839 2136 956 2169 Limes
971 2135 1062 2175 fasc.
1077 2134 1122 2179 2]
1133 2145 1171 2178 p.
1187 2134 1262 2178 54).
1284 2153 1327 2158 -
1358 2135 1390 2178 1)
1415 2134 1520 2177 Quod
1535 2138 1620 2179 post
1642 2134 1778 2170 Paterio
1802 2138 1966 2171 cernitur

248 2194 287 2225 in
313 2203 410 2235 aere,
442 2203 515 2225 non
540 2197 591 2226 est
613 2194 751 2235 littera,
784 2195 837 2225 est
865 2192 1022 2232 fortasse
1052 2192 1359 2235 interpunctionis
1385 2193 1541 2234 signum.
1573 2211 1618 2217 —
1649 2194 1684 2235 2)
1708 2193 1814 2227 Alius
1837 2193 1966 2227 tittdm

249 2249 403 2281 eiusdem
429 2250 486 2281 dei
509 2253 560 2281 est
581 2248 671 2281 XIII
690 2251 778 2282 6455
796 2266 839 2278 =
855 2249 1058 2282 Brambaclz
1082 2250 1182 2283 4598.
1207 2268 1250 2272 -
1278 2250 1312 2288 3)
1339 2249 1471 2283 Votum
1495 2250 1645 2282 rettulit.
1831 2251 1834 2252 ⁷

360 2328 475 2375 4557
515 2330 588 2370 deo
609 2327 755 2388 Mart[i]
784 2329 791 2385 Ι
818 2330 1005 2371 Condati¹
1037 2328 1319 2386 V..1robnus²
1338 2327 1445 2386 p[ro]
1475 2327 1480 2384 Ι
1506 2343 1548 2371 se
1580 2337 1619 2371 et
1647 2331 1729 2372 suis
1759 2344 1793 2371 v·
1815 2344 1847 2372 s.
1867 2331 1893 2371 l.
1910 2343 1964 2372 m.

363 2398 477 2439 Prope
501 2400 620 2431 rivum
646 2398 789 2431 Chester
812 2397 915 2430 Burn
938 2407 1025 2440 rep„
1050 2400 1100 2429 est
1122 2396 1325 2430 Newcastle
1351 2397 1458 2440 (Eplz.
1480 2398 1512 2439 7,
1529 2399 1594 2432 984
1617 2398 1713 2431 vidit
1728 2396 1961 2439 Haverfi'eld).

248 2472 293 2477 —
319 2455 351 2491 1)
375 2454 502 2486 Eidem
527 2455 590 2487 deo
615 2455 756 2487 dicatus
781 2458 833 2487 est
859 2455 984 2487 titulus
1004 2454 1071 2488 VII
1086 2454 1164 2488 420.
1182 2473 1227 2478 -
1255 2454 1288 2495 2)
1313 2453 1452 2488 Nomen
1477 2455 1676 2488 dedicantis
1697 2455 1876 2487 incertum
1899 2455 1964 2488 est.

361 2533 479 2579 4558
527 2536 600 2575 deo
630 2535 746 2575 Marti
772 2534 779 2591 Ι
806 2536 1013 2576 Corotiaco
1040 2534 1045 2589 Ι
1074 2535 1274 2588 Simplicia
1301 2533 1307 2589 Ι
1333 2548 1406 2588 pro
1437 2548 1479 2576 se
1509 2549 1543 2576 v.
1574 2549 1614 2588 p.
1645 2537 1671 2576 l.
1701 2548 1754 2575 m.
1781 2544 1837 2589 (in
1857 2547 1964 2589 parte

244 2614 402 2657 postica)
429 2604 600 2644 Glaucus
627 2603 732 2644 fecit.

363 2669 406 2702 In
435 2671 512 2703 basi
546 2672 718 2713 imaginis
747 2671 850 2703 aenei
882 2671 1038 2703 hominis
1068 2671 1232 2712 iacentis,
1267 2681 1341 2714 rep.
1372 2670 1422 2703 ad
1449 2669 1681 2704 Martlesliam
1716 2671 1756 2703 in
1789 2671 1963 2704 comitatu

249 2724 402 2767 Suffollc,
425 2726 550 2759 deinde
574 2728 614 2759 in
638 2737 757 2760 museo
773 2727 989 2760 Britannico
1008 2726 1170 2770 (141193ι
1195 2726 1243 2767 cf.
1262 2737 1297 2770 p.
1313 2727 1379 2761 306
1395 2727 1487 2759 vidit
1501 2726 1666 2760 Iluebner
1690 2727 1754 2770 qui
1769 2726 1964 2760 delineavit

249 2793 305 2816 eoe.
329 2793 397 2815 scr.
422 2784 535 2824 epigr.
560 2793 595 2817 n.
610 2783 706 2827 905).

361 2861 477 2907 4559
528 2864 655 2904 Flavia
686 2864 793 2904 Cuba
821 2863 826 2919 Ι
853 2864 1027 2904 Firmani
1057 2864 1134 2904 filia
1159 2863 1167 2918 Ι
1195 2864 1342 2905 Cososo
1372 2864 1445 2904 deo
1475 2864 1589 2904 Marti
1619 2866 1712 2905 suo¹
1740 2862 1747 2921 Ι
1773 2865 1851 2905 hoc
1879 2865 1959 2918 sig·

250 2943 343 2970 num
374 2931 533 2971 donavit
548 2930 563 2986 Ι
592 2935 783 2985 Augusto.

362 2997 531 3030 Levroux
554 3000 594 3031 in
609 2998 743 3039 finibus
758 2999 966 3043 Biturigum
989 3010 1076 3043 rep„
1100 3001 1193 3032 basis
1208 3009 1318 3032 aenea
1343 2998 1450 3042 (XIII
1463 2999 1557 3034 4555
1573 3001 1763 3044 aliquoties
1779 2999 1960 3044 descripta

249 3054 346 3086 circa
371 3064 404 3087 a.
428 3053 540 3097 4600).
575 3073 622 3079 -
660 3056 691 3098 1)
716 3055 814 3090 Marti
839 3066 902 3090 suo
927 3057 967 3089 in
984 3058 1178 3100 provincia
1202 3055 1432 3090 Narbonensi
1458 3067 1530 3090 non
1552 3067 1641 3090 raro
1666 3056 1789 3091 titulos
1818 3056 1960 3090 dedica-

2084 827 2092 934 φαμι..
2083 731 2092 819 .,«..ι.-..
2090 717 2092 722 .
2072 423 2092 706 *nani—*aunuum
2083 369 2092 411 a...
2088 355 2092 361 .
2087 284 2092 343 -.....
