2092 3360
489 198 605 235 Tituli
630 209 780 245 operum
803 198 1040 245 locorumque
1063 198 1306 244 publicorum.
1326 218 1370 224 —
1387 198 1561 235 Termini.
1808 200 1890 239 459

177 314 284 355 beris
314 320 355 355 et
380 311 387 370 Ι
422 314 646 356 cloacarum
676 314 788 356 urbis
817 327 851 355 r.
869 327 915 355 ·r.
947 314 1119 356 restituit
1149 314 1155 370 Ι
1190 315 1411 356 secundum
1441 315 1746 370 praecedentem
1772 314 1779 370 Ι
1811 323 1893 357 ter-

177 383 453 432 minationem,
488 382 658 436 proxim.
689 382 811 437 cipp.⁴
837 380 844 439 Ι
871 383 959 436 ped.
983 382 1094 424 CVIl.

294 449 426 484 Romae
449 460 525 494 rep.
552 460 667 494 prope
695 455 850 484 montem
878 449 1081 484 Testaceum
1113 450 1183 495 (VI
1206 450 1315 485 124οῡ
1345 450 1391 492 cll
1414 450 1550 486 515521
1578 452 1686 485 semel
1713 452 1893 496 descripta

179 508 278 541 circa
302 518 337 542 a.
362 506 477 553 1700).
526 507 631 551 Gippi
660 507 782 541 eodem
811 507 917 541 modo
952 509 1117 550 (excepto
1147 517 1297 541 numero
1327 509 1368 542 in
1390 508 1479 552 tine)
1512 510 1680 553 inscripti
1704 512 1893 552 praeterea

178 567 252 597 trec
282 566 519 598 innotuerunt
552 564 631 609 (VI
653 562 852 609 1240¹¹²⁶),
885 566 1074 607 praeterea
1109 563 1357 607 fragmentum
1393 566 1518 609 quarti
1553 564 1630 608 (VI
1657 565 1818 611 545329.
1849 586 1896 592 —

180 621 213 663 1)
238 621 282 655 A.
301 621 380 655 121.
395 641 442 646 -
465 623 500 664 2)
524 622 568 655 In
584 623 641 655 his
655 621 744 655 solis
759 623 875 664 cippis
891 621 1101 654 Hadrianus
1125 621 1262 654 dicitur
1283 622 1484 664 imperator
1501 626 1687 666 quartum,
1711 623 1759 663 cll
1782 635 1894 668 supra

179 676 222 711 Ν.
239 677 308 711 517
331 681 403 711 not.
419 679 456 713 2.
481 698 527 704 —
555 680 590 721 3)
617 678 750 713 Consul
771 678 855 719 suff:
880 688 912 711 a.
932 679 995 711 114
1020 677 1124 722 (dipl.
1146 678 1250 717 mil).
1275 697 1320 703 —
1343 679 1379 720 4)
1403 678 1495 721 cippi
1521 679 1692 714 traditur.

294 780 410 828 5932
459 780 565 840 [imp.
601 784 742 825 Caesar
775 782 814 823 T.
846 782 977 824 Aelius
1010 780 1016 838 Ι
1050 779 1295 839 Hadr]ianus
1326 779 1580 839 An[toninus]
1623 783 1628 839 Ι
1670 786 1770 837 Aug.
1802 786 1896 827 Pius

179 850 328 903 pntifex
351 855 436 899 (sic)
460 852 632 900 maxim„
659 849 666 907 Ι
693 851 784 892 trib.
807 857 889 904 pot.
910 850 1091 900 xxmv,
1121 851 1216 904 imp.
1238 851 1287 900 ll,
1318 863 1397 894 cos.
1423 851 1508 901 llll,
1541 866 1577 905 p.
1604 866 1642 906 p.
1670 851 1676 908 Ι
1703 849 1778 910 [Α]
1809 854 1896 894 Pla-

179 918 283 958 torio
315 918 469 972 Nepote
509 919 517 976 Ι
558 920 827 974 Calpurniano
858 924 984 959 curat.
1024 921 1031 970 Ι
1072 919 1355 960 alvei'Tiberis
1393 926 1433 960 et
1469 921 1591 973 ripar.
1622 928 1662 962 et
1691 920 1895 978 cloacam!

181 987 307 1041 urbis,
340 990 533 1031 terminos
562 996 704 1030 vetust.
725 990 898 1042 dilapsos
924 990 931 1038 Ι
957 987 1139 1028 exaltavit
1169 993 1208 1027 et
1237 988 1362 1028 restit.
1394 994 1491 1029 rect.
1522 990 1656 1042 rigore
1681 987 1688 1044 Ι
1715 991 1896 1042 proximo

180 1056 299 1109 cippo
330 1070 370 1110 p.
415 1057 598 1110 ²positos
633 1071 681 1098 ex
710 1055 931 1112 autolritate
957 1060 1042 1105 (sic)
1074 1056 1170 1109 imp.
1202 1056 1310 1097 Caes.
1341 1056 1417 1096 divi
1447 1058 1596 1098 Nervae
1627 1058 1680 1100 fil.
1712 1059 1861 1099 Nervae
1887 1056 1894 1114 Ι

181 1123 339 1164 Traiani
365 1126 465 1178 Aug.
488 1126 620 1168 Germ.
647 1132 760 1180 pont.
790 1139 892 1166 max.
915 1125 1006 1165 trib.
1035 1123 1041 1180 Ι
1069 1130 1213 1177 potest.
1235 1124 1280 1172 V,
1311 1137 1392 1165 cos.
1415 1125 1500 1174 1111,
1532 1139 1572 1178 p.
1594 1139 1647 1179 p.‚
1679 1133 1862 1167 curatore
1889 1124 1896 1179 Ι

180 1192 277 1233 alvei
308 1193 463 1235 Tiberis
492 1200 531 1234 et
560 1194 679 1246 ripar.
711 1202 750 1235 et
779 1195 948 1236 cloacar.
975 1191 982 1248 Ι
1009 1193 1109 1233 ΙυΙίο
1140 1192 1319 1235 Ferocc³.

294 1259 427 1294 Romae
447 1271 523 1304 rep.
546 1263 587 1294 in
609 1263 691 1304 ripa
715 1263 866 1295 sinistra
886 1261 1036 1303 Tiberis,
1058 1262 1122 1293 ubi
1145 1261 1279 1294 dicitur
1301 1263 1361 1293 via
1381 1259 1503 1294 Giulia
1522 1260 1595 1304 (VI
1604 1261 1723 1296 31553
1739 1277 1784 1290 =
1800 1262 1896 1296 Bull.

180 1326 321 1350 comun.
344 1316 442 1360 1890,
473 1317 542 1352 327
564 1317 658 1351 vidit
684 1317 812 1363 Gaui).
846 1338 894 1343 —
931 1320 964 1361 1)
989 1319 1031 1352 A.
1050 1319 1124 1352 161.
1149 1337 1195 1342 —
1232 1319 1266 1358 2)
1290 1316 1473 1351 Numerus
1492 1318 1625 1361 pedum
1650 1320 1800 1352 omissus
1824 1322 1898 1353 tam

182 1373 242 1406 laic
265 1384 373 1417 quam
396 1376 436 1407 in
460 1374 598 1408 duobus
622 1376 795 1418 eoeemplis
817 1377 1067 1419 inscriptionis
1091 1373 1136 1409 N.
1157 1376 1264 1410 5955.
1307 1373 1490 1408 Nimirum
1512 1378 1594 1417 post
1617 1377 1740 1419 cippos
1758 1379 1899 1419 positos

182 1433 332 1464 curator
353 1442 522 1465 numeros
546 1431 681 1465 addere
703 1432 827 1465 debuit
848 1433 912 1466 sed
933 1433 1105 1476 neglexit.
1130 1452 1174 1456 —
1207 1433 1241 1474 3)
1267 1430 1320 1472 Cf.
1345 1430 1391 1466 Ν.
1406 1433 1509 1465 5950.

295 1532 409 1579 5933
449 1531 556 1591 [imp.
577 1533 744 1592 C]aesar
764 1537 815 1576 M.
844 1534 851 1591 Ι
878 1532 1091 1593 [Aurel]ius
1111 1536 1341 1576 Antoninus
1368 1533 1374 1590 Ι
1401 1531 1529 1592 [Au-q]
1553 1536 1734 1588 pontifex
1754 1550 1868 1586 max.‚
1891 1544 1897 1591 Ι

180 1601 394 1643 tribunicia
415 1611 559 1656 potest.
575 1604 641 1644 XV
653 1605 679 1654 ¹,
706 1602 713 1660 Ι
740 1618 822 1645 cos.
839 1604 908 1653 lll,
929 1610 969 1645 et
995 1602 1001 1660 Ι
1027 1605 1122 1657 imp.
1145 1603 1284 1660 Caesar
1312 1603 1317 1658 Ι
1344 1603 1388 1645 L.
1411 1604 1595 1645 Aurelius
1622 1602 1627 1658 Ι
1654 1604 1779 1645 Verus
1799 1606 1899 1658 Aug.

181 1670 370 1711 tribunic.
397 1670 404 1727 Ι
432 1678 589 1725 potest„
616 1686 698 1714 cos.
720 1673 773 1721 11,
804 1673 962 1713 termin.
991 1671 998 1727 Ι
1024 1678 1215 1713 vetustate
1236 1672 1418 1725 delapsos
1443 1671 1448 1726 Ι
1477 1673 1748 1714 exaltaverunt
1777 1680 1817 1713 et
1835 1686 1899 1714 re-

183 1739 335 1779 stituer.
363 1738 370 1795 Ι
396 1753 425 1784 r.
450 1753 483 1781 r.
515 1742 696 1794 proximo
727 1742 900 1782 termino
931 1741 1021 1794 ped.
1060 1741 1077 1762 ²
1101 1740 1107 1796 Ι
1135 1741 1286 1794 positos
1316 1753 1362 1781 ex
1393 1741 1627 1781 auctoritate
1652 1741 1659 1794 Ι
1685 1742 1780 1794 imp.
1803 1742 1899 1783 Cae-

184 1807 284 1847 saris
313 1808 461 1849 Nervae
490 1809 648 1850 Traiani
682 1810 688 1866 Ι
730 1813 851 1862 Aug.,
897 1815 1062 1850 curante
1092 1810 1137 1849 A.
1160 1809 1333 1850 Platorio
1370 1807 1376 1864 Ι
1413 1809 1567 1861 Nepote
1598 1808 1864 1862 Calpurniano
1892 1808 1899 1865 Ι

186 1881 370 1916 curatore
399 1877 496 1917 alvei
533 1879 687 1920 Tiberis
717 1884 757 1918 et
781 1875 788 1933 Ι
815 1878 992 1931 riparum
1022 1884 1061 1918 et
1091 1878 1316 1917 cloacarum
1345 1875 1351 1930 Ι
1378 1876 1501 1917 urbis.

301 1941 450 1986 Romae,
487 1946 611 1988 cippus
640 1956 715 1988 rep.
746 1946 786 1977 in
816 1945 899 1988 ripa
929 1945 1079 1977 sinistra
1107 1943 1244 1977 Tiberis
1270 1954 1386 1987 prope
1414 1946 1571 1976 montem
1598 1943 1805 1977 Testaceum
1835 1945 1908 1988 (VI

189 1997 297 2032 {24412
314 1999 505 2034 ==51554¹³
530 2002 623 2034 vidit
645 2001 815 2042 Henzen).
865 2002 997 2045 Cippus
1027 2011 1107 2034 cum
1128 2000 1283 2043 gemella
1314 2001 1551 2043 inscriptione
1574 2003 1626 2032 est
1658 2000 1712 2034 VI
1732 2001 1834 2035 1241·
1858 2018 1904 2031 =

185 2056 315 2089 51554·
338 2071 383 2084 =
406 2057 550 2090 Henzen
570 2058 670 2092 5472.
699 2077 747 2082 —-
784 2060 817 2101 1)
843 2059 884 2092 A.
901 2057 973 2092 161.
1010 2077 1056 2082 --
1090 2058 1124 2100 2)
1151 2056 1206 2097 Cf.
1229 2056 1274 2090 lv.
1290 2057 1385 2091 5932
1410 2059 1484 2090 not.
1500 2057 1536 2090 2.

304 2159 419 2206 5934
470 2159 535 2219 [ew
563 2166 792 2204 auctoritate
817 2161 824 2217 Ι
850 2165 943 2215 imp.
968 2162 1122 2203 Caesar.
1144 2162 1186 2202 L.
1208 2161 1400 2215 Septimii
1413 2160 1548 2202 Severi
1568 2161 1634 2202 Pii
1655 2160 1663 2217 Ι
1691 2161 1905 2202 Pertinacis

189 2230 286 2282 Aug.
308 2227 482 2286 Amiqo.
506 2227 653 2286 [adiab.
671 2239 781 2285 pont.
801 2242 910 2271 mam.
937 2227 946 2284 Ι
970 2226 1036 2286 tra]
1058 2238 1140 2283 pot.
1162 2230 1248 2284 VI¹,
1279 2230 1374 2283 imp.
1396 2229 1443 2279 X,
1475 2242 1556 2270 cos.
1589 2230 1637 2279 ll,
1669 2226 1724 2286 [p.
1744 2243 1798 2283 p.‚
1819 2227 1870 2286 et]
1894 2227 1901 2285 Ι

190 2297 242 2337 Μ.
263 2297 398 2338 Aurel.
419 2299 612 2339 Antonini
644 2299 752 2340 Caes.
781 2298 789 2354 Ι
813 2299 909 2351 imp.
939 2298 1123 2339 destinati
1150 2298 1156 2352 Ι
1182 2298 1375 2338 terminos
1404 2304 1595 2338 vetustate
1624 2298 1798 2351 dilapsos
1828 2297 1904 2353 exl-

191 2366 322 2406 altavit
356 2373 395 2407 et
434 2367 607 2408 restituit
640 2380 673 2407 r.
706 2367 767 2407 V.²
793 2365 798 2421 Ι
833 2367 997 2408 Ofilius⁸
1026 2367 1204 2407 Valerius
1234 2366 1396 2407 Macedo
1437 2373 1561 2407 curat.
1593 2366 1690 2406 alvei
1717 2363 1723 2420 Ι
1750 2365 1906 2406 Tiberis

193 2439 233 2474 et
261 2434 439 2488 riparum
470 2442 510 2476 et
539 2436 706 2476 cloacar.
735 2434 860 2476 urbis.

306 2500 439 2535 Romae
461 2513 537 2546 rep.
561 2505 599 2535 in
623 2505 707 2546 ripa
731 2502 861 2535 dextra
890 2501 1027 2535 Tiberis
1049 2511 1123 2534 non
1148 2501 1253 2543 longe
1277 2512 1299 2534 a
1320 2503 1433 2543 ponte
1457 2500 1557 2535 sixti
1581 2499 1651 2543 (VI
1670 2499 1785 2534 31555
1808 2500 1906 2533 vide-

192 2560 282 2590 runt
303 2559 456 2592 Huelsen
480 2562 515 2592 et
531 2559 726 2602 Vaglieri).
742 2578 788 2583 —
815 2559 847 2600 1)
872 2558 916 2592 A.
932 2558 1007 2592 198.
1023 2576 1070 2582 -
1094 2559 1131 2599 2)
1154 2556 1248 2599 Ripa
1268 2558 1467 2591 Veientana
1491 2556 1556 2599 (cf.
1579 2555 1627 2590 Ν.
1642 2557 1745 2590 5928.
1768 2556 1906 2601 59291).

193 2633 239 2640 —
263 2615 298 2658 3)
322 2616 463 2649 Primus
484 2616 582 2650 recte
605 2617 693 2659 legit
711 2615 931 2658 Vagam-ius.
981 2614 1108 2655 Ofiliue
1130 2613 1278 2647 Macedo
1302 2613 1563 2657 quindecimvir
1585 2613 1700 2646 sacris
1721 2610 1908 2652 faciundis

190 2669 270 2711 suit
292 2682 325 2706 a.
347 2673 433 2715 204,
458 2672 507 2713 cf.
531 2684 644 2717 supra
667 2672 712 2707 N.
736 2674 841 2707 5050·
867 2673 916 2714 (p.
931 2671 1030 2715 288).

309 2730 368 2764 Ad
390 2741 500 2774 opera
524 2730 627 2771 facta
652 2742 673 2764 a
699 2730 930 2763 curatoribus
951 2730 1116 2771 riparum
1147 2726 1283 2760 Tiberis
1305 2727 1487 2770 pertinent
1513 2725 1619 2758 tituli
1634 2724 1679 2759 N.
1696 2725 1834 2770 589574.

312 2921 425 2969 5935
473 2925 511 2966 id
544 2925 650 2978 quod
690 2925 794 2965 iutra
834 2923 842 2976 Ι
882 2923 1020 2976 cippos
1050 2921 1098 2961 ad
1129 2921 1272 2974 camp.¹
1312 2931 1448 2960 versus
1487 2917 1495 2974 Ι
1535 2918 1609 2959 soli
1649 2924 1728 2967 est,
1768 2918 1909 2960 Caesar

199 2991 364 3044 August.
392 2990 399 3047 Ι
424 2993 674 3046 redemptum
704 3005 726 3033 a
755 2992 907 3046 privato
933 2988 940 3046 Ι
967 2989 1192 3043 publicavit.

313 3057 445 3093 Romae
468 3070 544 3103 rep.
572 3062 612 3092 in
637 3070 760 3103 campo
786 3058 919 3093 Martio
950 3057 1049 3090 haud
1077 3057 1183 3099 longe
1207 3066 1228 3089 a
1255 3056 1429 3098 Pantheo,
1460 3055 1587 3097 cippus
1614 3052 1824 3087 Tiburtinus
1847 3052 1908 3086 de-

200 3115 412 3158 cempedalis
437 3116 507 3158 (VI
526 3116 592 3150 874
617 3116 807 3159 aliquoties
830 3115 1011 3157 descripta
1035 3125 1057 3147 a
1080 3123 1171 3147 saec.
1195 3110 1283 3146 XVI
1303 3111 1351 3145 ad
1372 3110 1522 3154 XVIII).
1547 3129 1592 3136 —
1621 3111 1654 3153 1)
1680 3109 1832 3153 campus
1853 3111 1909 3142 in-
