2092 3360
328 153 444 191 Tituli
467 153 564 191 sacri
588 156 625 191 et
648 154 892 191 secerdotum.
918 173 961 179 —
985 153 1192 200 Neptunus.
1224 153 1415 191 Vulcanus
1440 156 1478 190 et
1503 153 1624 190 Venti.
1779 153 1833 192 39
1903 161 1905 163 ·

114 269 269 310 Ebelin.
296 268 304 324 Ι
329 270 481 318 Lasser‚
513 270 652 311 Metela
681 269 856 310 Edanius
887 269 988 318 Car„
1016 267 1021 323 Ι
1050 270 1240 311 Maximus
1270 270 1454 311 Minatius
1485 269 1614 323 Carb.‚
1640 266 1648 324 Ι
1675 269 1830 310 Secun-

112 338 189 379 dus
218 338 382 379 Enicius
414 339 557 379 Parrae
587 339 613 378 s.
646 338 775 391 Barg„
813 337 821 392 Ι
861 338 1093 391 piscatores,
1124 338 1148 378 1.
1182 350 1232 378 m.
1264 342 1323 383 (In
1348 343 1476 376 latero:
1501 343 1658 382 mucha,-
1692 343 1732 375 in
1756 340 1831 375 alio

114 405 247 439 latere.-
296 409 395 439 alera
417 431 426 439 .

228 416 350 504 Biz-go
375 406 413 496 S).
436 463 644 502 Dalmazzo,
674 463 746 495 iam
772 461 942 495 Mondovi
973 461 1024 503 (V
1045 463 1132 495 7850
1162 461 1254 494 vidit
1278 459 1499 503 Mommsen).
1534 479 1580 487 —
1617 463 1649 503 1)
1673 459 1830 494 Nomina

112 529 185 552 non
202 518 377 561 Romana,
399 519 463 552 sed
484 518 673 562 Ligustica
697 517 864 558 fortasse.
878 537 924 544 —-
949 519 983 562 2)
1008 519 1106 552 Carb.
1129 516 1284 558 fortasse
1307 528 1437 552 munus
1461 518 1611 561 aliquod
1631 517 1830 561 signifieat,

112 576 169 609 vel
191 586 317 609 nomen
344 576 414 608 vici
438 574 594 608 alieuius
618 578 672 608 est
694 576 751 608 vel
769 578 902 618 gentis.

222 666 341 715 3288
390 662 534 720 Neptu.
565 680 667 708 sacr.
694 667 700 722 Ι
729 668 879 708 molin.¹

226 735 341 778 Prope
358 734 555 778 Giinzburg·
577 746 652 778 rep.
668 738 707 768 in
722 736 834 776 lluvio
854 734 966 775 Giinz,
992 737 1064 767 iam
1080 735 1275 777 Augsburss
1302 732 1376 777 (III
1387 735 1474 768 5866
1498 733 1590 766 vidit
1605 733 1830 776 Mommsen).

112 810 156 816 -
183 794 216 833 1)
240 791 439 825 Molinarii.

223 881 339 928 3289
388 884 575 936 Neptuno
613 895 770 923 sacrum
812 880 818 936 Ι
859 882 902 922 L.
936 882 1112 923 Valerius
1146 882 1257 936 Nigri
1295 883 1320 922 l.
1351 882 1569 923 Menander
1611 879 1616 937 Ι
1658 882 1830 935 portitor

110 951 322 992 ocrisiva¹.
347 956 552 1000 (Neptunus
575 956 704 989 deoetra
730 955 930 995 tridentem,
953 956 1104 988 sinislra
1125 957 1258 998 piscem
1283 959 1422 996 tenen-³5
1444 953 1548 995 infra
1577 954 1745 997 delphini.
1785 954 1827 987 In

108 1019 249 1061 postica
274 1029 362 1052 arae
385 1019 506 1052 eadem
531 1020 732 1062 inscriptio,
752 1028 822 1061 pro
839 1016 1008 1061 Neptuno
1033 1021 1151 1051 tamen
1172 1017 1339 1052 sacerdos
1361 1018 1523 1061 sculptus
1545 1017 1758 1058 sacrificans
1782 1017 1830 1051 ad

109 1084 224 1108 aram.
272 1075 313 1108 In
338 1075 449 1108 latere
471 1078 624 1118 utroque
648 1076 806 1108 homines
830 1076 926 1108 terni
948 1077 1162 1117 navigantes
1185 1077 1226 1108 in
1248 1074 1447 1118 navicula).

225 1132 452 1165 Interamnae
476 1130 633 1175 (Ter-ni),
664 1143 731 1165 ara
754 1142 957 1165 marmorea
990 1130 1060 1171 (XI
1078 1132 1163 1164 4175
1187 1131 1280 1164 vidit
1301 1130 1514 1176 Bormann).
1550 1150 1596 1156 —
1633 1132 1664 1172 1)
1688 1129 1827 1164 Nomen

110 1189 182 1221 loci
198 1191 309 1232 putat
327 1188 511 1222 Bormann
535 1188 693 1222 ablativo
718 1199 803 1222 casu
824 1190 999 1232 positum,
1025 1187 1226 1221 derivatum
1249 1187 1405 1227 fortasse
1424 1188 1576 1231 perinde
1600 1191 1706 1231 atque
1731 1188 1828 1221 Oct-2·-

108 1245 228 1278 culum
260 1246 303 1277 ab
337 1245 425 1278 Oere
457 1245 630 1278 vocabulo
657 1245 869 1281 Umbrorum
902 1244 1000 1289 quod
1029 1244 1171 1278 videtur
1199 1244 1407 1287 significare
1439 1247 1592 1277 montem
1617 1243 1828 1288 (Buecheler

114 1301 230 1336 Umor.
253 1312 288 1344 p.
304 1302 403 1346 242).

222 1391 341 1439 3299
389 1395 575 1447 Neptuno
606 1395 730 1446 deisq.
759 1397 859 1446 Aug.
887 1394 892 1448 Ι
921 1394 966 1433 Τ.
988 1393 1166 1434 Abudius
1187 1392 1325 1442 Verus,
1354 1391 1359 1448 Ι
1394 1398 1484 1446 post
1515 1392 1824 1448 subpraefect.¹{

106 1463 449 1522 classisrRavenn.
482 1462 489 1511 1
521 1462 668 1515 templo
700 1463 894 1510 restituto,
930 1461 935 1517 Ι
971 1460 1142 1502 molibus
1172 1467 1353 1510 extruet„
1380 1461 1388 1515 Ι
1414 1461 1532 1502 domo
1562 1461 1715 1502 exculta
1742 1465 1750 1515 Ι
1783 1462 1823 1502 in

107 1543 198 1571 area
227 1531 264 1571 d.
296 1530 351 1571 d.²
377 1529 382 1585 Ι
409 1543 599 1572 concessa
628 1530 702 1571 sibi
729 1529 735 1584 Ι
762 1530 914 1570 dicavit.

223 1599 385 1632 Parentii
406 1599 446 1630 in
470 1597 609 1630 Histria
640 1597 692 1640 (V
712 1598 785 1632 528
816 1597 908 1630 vidit
932 1596 1156 1641 Mommsen).
1191 1615 1237 1620 —
1272 1596 1306 1637 1)
1331 1595 1519 1629 Fortasse:
1550 1599 1633 1639 post
1654 1598 1824 1639 subprae-

106 1653 287 1694 l'eeturam
311 1654 434 1687 elassis
458 1653 676 1687 Ravennatis
700 1653 860 1697 (dubitat
883 1657 1002 1686 tamen
1025 1652 1248 1696 Mommsen).
1273 1671 1319 1677 —
1343 1653 1376 1694 2)
1400 1652 1645 1686 Decurionum
1670 1653 1824 1687 decreto.

222 1745 334 1791 3291
387 1747 572 1800 Neptuno
600 1743 606 1799 Ι
632 1759 667 1786 v.
698 1759 729 1787 s.
761 1747 784 1786 1.
816 1759 868 1805 ¹¹3·
901 1751 962 1790 (ab
987 1751 1101 1783 altero
1126 1749 1256 1794 latere)
1287 1745 1444 1786 Viribus
1471 1745 1476 1799 Ι
1505 1758 1538 1784 ν.
1569 1759 1600 1786 s.
1633 1746 1658 1785 Ι.
1691 1758 1741 1785 m.

202 1814 356 1856 Gussagi
378 1815 464 1856 agri
488 1813 662 1846 Bria-iani
686 1814 745 1857 (V
759 1814 850 1847 4285
873 1812 980 1846 semel
1003 1805 1306 1854 descripta‘cirea
1330 1823 1363 1845 a.
1380 1811 1495 1856 4700).

225 1904 341 1951 3292
388 1907 576 1959 Neptuno
604 1905 610 1959 Ι
637 1907 805 1947 adiutori
833 1908 839 1959 Ι
865 1917 1023 1946 sacrum
1048 1904 1055 1960 Ι
1083 1905 1133 1945 Μ.
1166 1904 1354 1944 Aemilius
1379 1904 1384 1958 Ι
1413 1904 1600 1944 Flaccus¹
1632 1902 1690 1955 q.²

229 1972 369 2013 Tibure,
400 1975 472 2006 iam
497 1973 629 2007 Romae
653 1973 759 2013 (XIV
776 1974 869 2007 5558
891 1972 998 2015 vidi).
1033 1989 1079 1996 —
1117 1972 1148 2012 1)
1179 1971 1275 2004 Idem
1300 1972 1403 2003 lzomo
1429 1970 1549 2003 eodem
1575 1970 1652 2003 loeo
1678 1971 1823 2004 titulum

107 2032 230 2074 posuit
254 2031 332 2063 Iovi
356 2029 502 2063 Custodi
527 2029 634 2072 (XIV
649 2029 769 2072 5557).
793 2047 839 2053 -
863 2030 897 2069 2)
923 2028 1109 2069 Quaestor.

225 2120 340 2166 3293
380 2118 569 2177 H[el]vius
595 2120 732 2161 Suavis
761 2127 799 2160 et
830 2115 1094 2176 [A9]r[a]lsia¹
1126 2119 1311 2159 Faustina
1341 2119 1517 2159 coniunx
1546 2120 1630 2160 eius
1656 2119 1662 2173 Ι
1689 2127 1822 2160 votum

109 2191 326 2231 solverunt.
355 2188 360 2243 Ι

415 2257 573 2298 Helvius
602 2257 699 2297 haec
729 2262 819 2296 voto
850 2254 1005 2308 suscepi
1037 2267 1201 2295 munera
1231 2255 1320 2303 divi,
1348 2255 1354 2310 Ι

498 2325 765 2376 constituique
794 2323 919 2364 larem
948 2322 1108 2363 sedibus
1138 2323 1178 2363 in
1209 2319 1390 2380 patrfiis}
1417 2321 1423 2378 Ι

414 2394 519 2433 Haec
550 2393 684 2433 eadem
714 2393 889 2432 coniunx
921 2403 1076 2431 mecum
1107 2390 1294 2431 Faustina
1324 2387 1494 2446 locaviffl
1522 2388 1527 2444 Ι

500 2461 695 2501 undarum
726 2460 888 2499 domino
919 2459 1210 2511 Nereidumque
1240 2455 1394 2515 patr[i].

230 2527 400 2571 Thuggae
423 2530 462 2560 in
486 2525 617 2566 Africa
643 2525 794 2570 (Carion
820 2524 1044 2559 decouverles
1069 2536 1111 2558 en
1140 2525 1284 2560 Tune'sie
1304 2536 1341 2568 p.
1359 2525 1452 2569 459).
1482 2543 1528 2550 ——
1560 2525 1592 2565 1)
1618 2549 1626 2559 .
1642 2522 1719 2569 cr.{
1738 2524 1821 2560 s.ia

112 2585 280 2619 traditur.

226 2731 340 2779 3294
389 2733 530 2773 Severa
559 2731 669 2784 Nigri
699 2732 725 2770 f.
754 2728 759 2783 Ι
789 2729 960 2769 Volcano
990 2735 1029 2769 et
1059 2725 1223 2785 Venti[s]
1251 2726 1257 2781 Ι
1283 2741 1317 2768 v.
1348 2742 1378 2769 s.
1409 2729 1433 2768 l.
1466 2741 1518 2768 m.
1560 2732 1770 2776 (Volcanus,
1793 2744 1821 2766 s.

113 2801 264 2840 hastam,
296 2801 331 2834 d.
354 2799 520 2834 malleum
544 2802 665 2832 tenens
674 2810 687 2838 ‚·
720 2798 820 2830 lzumz'
841 2795 983 2838 forceps
1007 2797 1109 2828 iacet.
1157 2795 1265 2828 Iuoela
1288 2794 1430 2838 mulier,
1462 2797 1565 2828 cuius
1588 2796 1694 2827 vestis
1718 2797 1822 2827 vento

113 2858 242 2899 inflata
266 2859 329 2898 est,
357 2857 509 2899 genibus
532 2858 634 2888 m‘oea.
682 2854 715 2887 A
741 2853 912 2887 lateribus
941 2854 1126 2895 protomae
1156 2851 1248 2884 duae
1280 2852 1430 2883 barbata
1455 2851 1585 2893 altera,
1618 2851 1732 2884 altera
1757 2851 1824 2883 im-

114 2914 248 2947 berbis:
274 2913 470 2947 Ventorum
493 2912 655 2954 seilicet).

228 2980 400 3015 Nemausi
424 2978 512 3023 (XII
530 2979 623 3014 5455
648 2979 740 3012 vidit
763 2975 997 3020 Hirschfeld).
1014 2995 1059 3001 —
1083 2975 1183 3010 Alios
1209 2973 1364 3008 Vulcani
1387 2974 1512 3008 titulos
1537 2974 1692 3008 Gallicos
1717 2975 1823 3008 habes

116 3037 204 3072 XIII
224 3037 459 3077 3105-5107,
491 3038 574 3069 item
597 3037 643 3068 ib.
669 3036 750 3069 1677
774 3037 807 3067 et
832 3035 930 3070 2940,
962 3034 1025 3065 nbi
1052 3032 1211 3066 Vulcano
1237 3032 1406 3073 iungitur
1431 3031 1549 3065 Vesta.
