2092 3360
260 173 341 212 186
1002 170 1122 217 Caput
1145 169 1208 206 XI.

254 296 402 329 vestem
433 286 583 341 altera}
619 286 737 325 lintea
768 298 887 338 pura:
935 285 1133 333 tunicam,
1176 286 1358 338 pallium,
1404 285 1524 334 stola,
1570 298 1682 326 zona.
1711 284 1717 340 Ι
1751 286 1967 329 Bubasto⁸=

255 363 400 397 vestem
433 355 586 395 siricam
619 365 873 405 purpuream,
911 359 950 393 et
983 350 988 407 Ι
1024 352 1271 403 callainam⁶;
1310 353 1495 394 labellum
1533 366 1800 395 marmoreum
1836 368 1927 396 cum
1959 359 1965 413 Ι

254 423 482 470 columella;
522 421 655 474 hydria
687 420 910 474 Hypsiana⁷
949 427 988 460 et
1026 420 1154 461 lentea
1197 418 1203 475 Ι
1242 433 1442 474 purpurea
1481 434 1572 461 cum
1611 422 1728 463 clavis
1758 423 1888 464 aureis
1929 429 1968 464 et

254 503 353 531 zona
378 489 384 544 Ι
411 501 542 537 aurea,
573 488 728 528 tunicas
749 488 783 528 ΙΙ
805 489 1031 541 praecincta
1053 496 1092 528 et
1112 489 1303 529 discincta
1328 488 1335 544 Ι
1363 494 1402 529 et
1421 489 1622 542 palliolum
1636 503 1647 540 ;
1676 497 1825 531 vestem
1846 491 1966 532 altera

254 559 361 598 alba:
393 557 542 604 tunica,
569 555 575 611 Ι
603 557 717 606 stola,
748 569 846 596 zona
878 563 918 596 et
946 557 1122 610 pallium.

365 625 479 666 Prope
503 622 626 665 Nemi,
656 625 720 656 ubi
742 622 818 663 fuit
841 624 943 656 lucus
972 626 1006 656 et
1030 623 1200 666 templum
1224 623 1366 656 Dianae
1390 623 1455 669 (cfi
1479 623 1523 657 Ν.
1541 625 1641 658 5255
1652 625 1741 669 seq.)
1766 636 1840 669 rep.
1866 625 1975 666 (XIV

249 680 343 715 2215
367 681 459 713 vidit
482 679 655 725 Ilenzen).
680 699 726 704 ——
758 682 790 723 1)
813 681 919 714 Fana
943 679 1056 719 fuisse
1080 680 1186 713 Isidis
1210 680 1348 713 indicio
1371 683 1457 713 sunt
1483 682 1628 714 sistrum
1660 683 1695 713 et
1726 682 1833 714 vestie
1855 681 1968 715 lintea

249 736 350 777 infra
376 739 595 770 enumerata.
628 756 672 761 —
704 738 738 776 2)
765 736 818 776 Cf.
842 736 886 770 N.
912 738 1001 771 4422
1026 740 1100 770 not.
1115 738 1149 770 ὅ.
1182 756 1228 761 —-
1260 737 1294 778 3)
1319 735 1415 778 Quid
1436 738 1500 778 sit,
1532 738 1737 779 ignoratur.
1769 757 1816 762 —
1849 739 1883 781 4)
1911 737 1964 779 Gfi

248 793 294 827 N.
311 794 411 827 4575.
431 812 473 817 -
499 794 533 835 5)
557 793 650 826 Hinc
673 794 842 826 videntur
864 795 1023 837 incipere
1046 805 1104 826 res
1128 793 1237 826 alteri
1259 791 1350 832 fano
1375 793 1531 826 traditae
1556 794 1707 834 (indicio
1725 797 1786 836 est,
1813 793 1965 828 Bubasto

248 850 462 883 vocabulum
484 850 608 893 paullo
633 851 731 883 ultra
755 860 898 883 versum
919 848 1157 894 prominens),
1188 853 1222 883 et
1245 850 1396 883 Buba-sti
1419 851 1562 883 nomine
1585 850 1789 893 significari
1812 851 1966 884 alterum

249 918 295 940 ea·
319 906 455 939 duobus
478 906 553 939 illis
575 905 675 946 sanis
691 907 819 948 Isidis;
844 906 893 947 cf.
920 906 964 941 Ν.
980 907 1072 942 4575
1093 909 1166 940 not.
1182 907 1213 940 ’1.
1237 923 1283 931 -·-
1307 906 1341 948 6)
1368 905 1421 947 Cfi
1445 906 1490 941 N.
1506 907 1607 940 5495.
1629 926 1676 931 -—
1699 909 1732 950 7)
1757 907 1965 951 Hypsianao

250 973 444 1005 cognomen
469 964 668 998 obscurum.

363 1064 476 1110 4424
515 1066 545 1106 1.
569 1079 605 1105 o.
628 1079 679 1106 m.
705 1066 917 1106 Hammoni
939 1065 1172 1114 Chnubidi¹‚
1201 1063 1206 1119 Ι
1233 1066 1378 1106 lunoni
1400 1066 1588 1119 Reginae,
1621 1079 1734 1118 quor.
1766 1066 1839 1106 sub
1866 1064 1872 1121 Ι
1899 1072 1962 1107 tu-

250 1134 324 1174 tela
356 1134 420 1174 hic
449 1146 566 1174 mons
597 1140 668 1183 est,
701 1136 804 1186 quod
833 1132 838 1189 Ι
866 1134 1045 1187 primiter
1070 1133 1143 1175 sub
1165 1134 1333 1187 imperio
1364 1147 1403 1187 p.
1425 1135 1487 1184 R„
1515 1132 1521 1189 Ι
1549 1134 1774 1174 felicissimo
1805 1134 1962 1175 saeculo

247 1203 312 1242 dd.
339 1201 345 1257 Ι
374 1214 442 1242 ηῃ.
466 1202 647 1242 invictor.
669 1203 791 1255 impp.
814 1203 946 1243 Severi
977 1207 1016 1242 et
1042 1200 1048 1256 Ι
1076 1203 1267 1243 Antonini
1289 1205 1414 1256 Augg.
1444 1200 1449 1258 Ι
1477 1210 1517 1242 et
1548 1198 1680 1258 G[etae
1700 1198 1966 1259 nobili]ss[imi

250 1270 354 1311 Caes.
380 1267 454 1327 et]²
480 1269 485 1325 Ι
512 1270 633 1310 Iuliae
654 1270 831 1310 Domnae
862 1273 962 1323 Aug.
987 1283 1038 1310 m.
1068 1262 1134 1319 k.³'‚
1162 1271 1169 1321 Ι
1196 1271 1322 1311 iuxsta
1351 1271 1482 1311 Philas
1513 1283 1637 1311 novae
1664 1268 1669 1325 Ι
1698 1270 1963 1323 lapicaedinae

246 1336 504 1392 adinvenltae,
535 1344 764 1390 tractaeque
785 1345 880 1379 sunt
899 1334 1169 1393 paraistaticae
1200 1344 1239 1378 et
1269 1339 1478 1380 columnae
1506 1337 1513 1392 Ι
1538 1339 1708 1391 grandes
1738 1345 1778 1379 et
1801 1338 1960 1388 multae,

246 1407 320 1447 sub
356 1406 361 1461 Ι
399 1406 616 1447 Subatiano
646 1407 810 1459 Aquilae
832 1410 914 1456 (stc)
946 1419 1006 1459 pr.
1048 1405 1053 1461 Ι
1095 1407 1205 1458 Aeg.⁴
1252 1406 1394 1447 Curam
1433 1413 1574 1459 agente
1613 1420 1678 1460 op.
1717 1406 1921 1448 dominic.⁵
1953 1405 1956 1460 Ι

247 1475 380 1515 Aurel.
414 1475 643 1514 Heraclidae
670 1479 753 1523 (sic)
786 1474 869 1514 dec.
901 1475 949 1514 al.
981 1475 1123 1515 Maur.⁶

360 1542 403 1574 In
421 1541 631 1584 lapicidinis
645 1552 758 1584 prope
774 1541 915 1585 Syenen
933 1553 1007 1585 rep.
1025 1542 1202 1583 columna,
1226 1552 1322 1574 nunc
1339 1543 1492 1575 Parisiis
1509 1541 1637 1586 (11175
1654 1542 1765 1576 des-cr.
1782 1541 1960 1575 Letronne

245 1598 408 1641 aliique).
440 1617 484 1622 —
523 1599 554 1640 1)
582 1596 798 1636 Conferendi
827 1601 912 1630 sunt
943 1598 1040 1631 tituli
1072 1599 1230 1632 dedicati
1254 1594 1422 1645 Χνούβει
1456 1600 1512 1647 τῷ
1541 1599 1606 1635 καὶ
1625 1594 1807 1644 Ἄμμωνι,
1840 1594 1959 1635 Σάτει

244 1655 292 1700 τῇ
314 1655 379 1690 καὶ
395 1647 514 1704 ”Ηρᾳ,
544 1648 707 1690 ’4νούκει
741 1655 789 1700 τῇ
818 1654 882 1689 καὶ
898 1650 1027 1702 Ἑστίᾳ
1057 1658 1092 1686 et
1115 1655 1199 1688 aliis
1223 1655 1294 1688 diis
1317 1655 1570 1698 compluribus,
1601 1666 1658 1698 ap.
1683 1654 1730 1688 M.
1747 1653 1878 1688 Str-acle
1902 1654 1960 1688 die

242 1710 419 1754 Dynastie
442 1711 505 1743 der
528 1711 729 1744 Ptolemiier
748 1721 786 1754 p.
802 1712 948 1752 251‚95.
972 1712 1052 1754 256,
1069 1711 1192 1745 408=
1209 1711 1244 1745 C.
1258 1712 1284 1744 I.
1302 1712 1362 1745 Gr.
1377 1713 1477 1753 4895,
1502 1713 1560 1745 liic
1583 1714 1677 1745 certe
1700 1713 1863 1755 repertus
1886 1721 1959 1744 non

245 1767 349 1809 longe
373 1778 394 1800 a
419 1766 535 1811 Syene
551 1769 591 1800 in
608 1767 727 1800 insula
745 1771 1045 1802 eatam-actarum.
1075 1762 1198 1814 Ἱερὸν
1216 1764 1433 1812 Κνούφιδος
1450 1770 1490 1801 in
1507 1770 1625 1802 vicina
1642 1768 1762 1801 insula
1779 1768 1958 1811 Elephan·

244 1825 316 1857 tine
331 1827 506 1857 memorat
523 1823 650 1857 Strabo
668 1824 737 1857 XV
735 1824 772 1857 ΙΙ
783 1835 817 1867 p.
831 1825 904 1858 817.
941 1824 994 1864 Cf.
1010 1827 1198 1867 praeterea
1214 1824 1371 1858 Brea-ter
1386 1826 1498 1868 myth.
1512 1824 1683 1867 Beitriige
1700 1825 1718 1858 Ι
1729 1835 1766 1868 p.
1782 1825 1822 1859 61
1831 1835 1958 1868 seq.—

241 1881 276 1922 2)
304 1879 410 1915 Getae
432 1891 560 1913 nomen
585 1891 736 1914 erasum.
765 1900 809 1905 -—
843 1883 876 1922 3)
901 1881 1030 1914 Matris
1055 1880 1272 1915 hostrorum.
1303 1900 1349 1905 —
1379 1882 1413 1923 4)
1446 1881 1666 1914 Subatianus
1689 1880 1823 1925 Aquila
1852 1891 1956 1924 prae·

242 1936 358 1976 fectus
382 1939 542 1981 Aegypti
570 1948 666 1970 anno
692 1937 827 1970 decimo
852 1937 975 1971 Severi
999 1937 1063 1981 (cll
1090 1938 1304 1980 Prosopogr.
1327 1939 1412 1980 imp.
1437 1936 1563 1982 Rom).
1587 1957 1633 1962 —
1658 1938 1689 1979 5)
1717 1937 1870 1980 Operum
1894 1937 1955 1970 do—

241 1995 468 2027 minicorum.
502 2012 546 2018 ——
578 1995 610 2036 6)
635 1994 839 2027 Decurione
863 1995 942 2027 alae
967 1994 1179 2038 (Thracum)
1205 1993 1450 2029 Mauretanae.
1498 1995 1595 2028 Idem
1618 1997 1837 2027 memoratur
1858 1995 1955 2027 inter

241 2050 453 2084 decuriones
476 2051 597 2084 alares
620 2062 731 2094 supra
748 2050 793 2085 N.
810 2052 914 2086 2545.
955 2051 1077 2084 Alium
1102 2050 1330 2083 decurionem
1355 2051 1489 2084 alarem
1513 2053 1703 2084 stationem
1728 2054 1890 2093 agentem
1914 2052 1953 2084 in

242 2106 451 2150 lapicidinis
478 2109 670 2152 Aegyptiis
694 2109 799 2140 habes
822 2118 933 2150 supra
954 2106 999 2141 N.
1016 2107 1114 2142 2610.

353 2163 532 2197 Incertum
556 2175 642 2197 num
666 2165 856 2197 Hammoni
880 2165 957 2198 Iovi
976 2165 1117 2207 positus
1138 2166 1187 2197 sit
1210 2163 1337 2197 titulus
1359 2174 1471 2207 supra
1498 2162 1544 2198 N.
1559 2164 1666 2198 5558.

351 2264 467 2313 4425
522 2268 550 2309 Ι.
585 2282 620 2308 ο.
653 2281 704 2309 m.
734 2268 739 2324 Ι
766 2268 950 2308 Ammoni
976 2271 1060 2316 (sic)
1089 2267 1094 2320 Ι
1123 2268 1341 2308 Mercurius
1368 2266 1373 2323 Ι
1401 2274 1534 2308 votum
1565 2268 1679 2308 solvit
1704 2267 1710 2322 Ι
1737 2267 1838 2308 letus
1864 2274 1948 2316 (sic)

238 2333 336 2375 libes
368 2334 520 2391 meli-ito
553 2335 733 2391 Maximlo
764 2343 801 2376 et
832 2334 1007 2392 Urbanflo
1043 2337 1139 2377 cos.¹

356 2402 532 2435 Carnunti
554 2414 628 2446 rep.
656 2403 728 2444 (III
750 2403 785 2437 S.
804 2403 913 2437 ’14128
939 2403 1032 2436 vidit
1057 2401 1287 2447 Hirschfeld).
1315 2421 1358 2427 —-
1386 2404 1416 2444 1)
1442 2403 1483 2436 A.
1501 2403 1581 2437 254.

349 2503 462 2549 4426
501 2506 580 2547 Iovi
609 2509 615 2557 Ι
642 2507 851 2547 Hammoni
879 2505 884 2562 Ι
912 2514 950 2547 et
980 2508 1137 2547 Silvano
1166 2505 1171 2561 Ι
1197 2508 1240 2547 Ρ.
1273 2507 1484 2547 Stertinius
1510 2506 1516 2562 Ι
1543 2506 1734 2553 Quartus¹
1764 2507 1801 2547 d.
1833 2506 1871 2549 d.

350 2571 481 2605 Romae
505 2575 544 2606 in
569 2574 604 2608 S.
626 2574 780 2608 Caecilia
805 2577 909 2608 trans
936 2574 1091 2607 Tiberim
1123 2573 1194 2617 (Vl
1214 2575 1283 2608 578
1312 2575 1366 2607 bis
1388 2573 1446 2606 vel
1467 2574 1554 2607 adeo
1578 2573 1685 2606 semel
1714 2576 1857 2607 tantum
1887 2574 1942 2607 de·

235 2628 371 2670 scripta
387 2639 477 2663 saec.
496 2630 567 2663 XV
579 2633 758 2673 exeunte).
776 2649 820 2655 —
849 2632 880 2673 1)
905 2631 1076 2665 Fortasse
1095 2630 1291 2664 Stertinius
1308 2630 1464 2672 Quartus
1489 2632 1519 2663 is
1542 2632 1605 2673 qui
1624 2629 1822 2673 proconsul
1834 2631 1943 2664 Asiae

234 2679 310 2722 fuit
331 2686 395 2717 sub
420 2686 617 2723 Hadriano.

347 2775 461 2822 4427
500 2779 579 2818 lovi
602 2779 811 2820 Hammoni
831 2780 838 2834 Ι
859 2779 1049 2820 barbaro¹
1082 2779 1239 2819 Silvano
1263 2779 1268 2832 Ι
1291 2777 1535 2820 sacerdotes:
1563 2776 1568 2832 Ι
1597 2778 1830 2831 Sempronia
1851 2778 1940 2818 Sal-

234 2845 318 2884 sula
339 2853 464 2886 mater
484 2859 575 2895 sac„
602 2849 608 2898 Ι
637 2848 831 2889 C.1unius
851 2847 1085 2896 Mercurius,
1113 2848 1119 2898 Ι
1146 2847 1188 2887 L.
1211 2847 1402 2888 Pistorius
1423 2846 1570 2894 SuaviS‚
1597 2845 1604 2895 Ι
1632 2855 1848 2899 (sequuntur
1863 2855 1939 2890 alia

233 2925 378 2955 nomina
404 2924 548 2969 decem).
596 2925 738 2969 (Postea
763 2927 840 2959 alia
863 2936 971 2958 manu
996 2925 1175 2969 additum)
1201 2915 1254 2962 Q·
1277 2914 1456 2955 Liberius
1478 2911 1682 2968 ΡΓΟΟΠΙῙΠΒ
1707 2913 1904 2963 δᾶὓθΐᾶθθ,
1927 2911 1935 2969 Ι

233 2978 383 3020 Valeria
415 2980 588 3037 Paulilna
627 2991 751 3023 mater
785 2982 790 3038 Ι
824 2996 999 3024 sacroru.
1059 2992 1213 3033 (lim-sm
1235 2993 1310 3026 alia
1338 2995 1463 3034 mann)
1494 2982 1541 3028 Ο.
1570 2982 1760 3022 Caecitius
1799 2981 1935 3022 liono-

234 3053 354 3096 ratus‚
382 3047 387 3101 Ι
423 3048 438 3090 J
454 3049 470 3090 J
486 3049 502 3091 J
518 3049 533 3091 J
550 3049 565 3091 J
582 3050 597 3091 J
613 3049 628 3092 J
645 3050 660 3092 J
676 3050 691 3092 J
707 3050 747 3092 J²
782 3050 786 3106 Ι
823 3052 1045 3092 sacerdotes
1079 3049 1086 3104 Ι
1118 3051 1179 3091 dei
1211 3051 1365 3091 barbari
1400 3051 1556 3090 Silvani.
