2092 3360
359 153 474 191 Tituli
496 154 594 191 sacri
616 157 654 192 et
677 156 922 193 sacerdotum.
946 176 992 184 —
1023 156 1205 194 Silvanus.
1242 158 1407 197 Faunus.
1445 159 1612 206 Priapus.
1794 162 1847 201 75

242 267 358 315 3577
398 270 592 312 matronis
619 283 700 312 sac.
726 269 734 326 Ι
760 271 900 312 Varius
932 268 1095 329 [Te]nax
1122 270 1128 328 Ι
1156 286 1188 314 ν.
1210 287 1241 315 s.
1264 275 1288 316 1.
1312 288 1362 316 m.
1387 280 1490 322 (deae
1516 283 1619 323 me).

241 347 358 395 3378
397 350 555 391 Silvano
576 351 670 391 sac.¹
697 349 703 406 Ι
731 350 871 392 Varius
896 350 902 406 Ι
931 352 1066 392 Tenax
1092 351 1098 407 Ι
1126 366 1159 394 ν.
1180 367 1212 395 s.
1235 354 1260 395 1.
1282 368 1334 396 m.
1362 360 1549 401 (Silvanus
1572 371 1652 394 eum
1676 371 1784 404 can05
1808 364 1848 395 in

131 415 245 450 latere
266 417 406 451 animal
427 419 466 451 in
489 428 580 461 rupe
604 420 734 460 iacens,
758 419 799 451 in
822 419 937 452 altero
963 418 1078 452 latere
1101 421 1277 464 arbores).

247 473 291 507 In
314 476 392 507 vieo
416 474 637 508 Pedemonlii
659 474 840 518 Mor-ezzo,
865 476 994 509 deinde
1021 475 1199 510 Taurinos
1222 483 1429 523 asportatae
1452 491 1541 514 arae
1563 480 1656 514 duae
1680 474 1862 522 (1]7705.Ι

127 529 210 564 7704
234 530 328 564 hane
350 530 446 564 vidit
467 530 690 576 Mommsen).
722 551 769 557 -—
800 534 834 576 1)
857 542 880 566 u
905 533 1025 566 littera
1050 535 1146 567 inter
1169 535 1264 568 hunc
1288 539 1323 569 et
1344 540 1547 580 sequentem
1571 547 1713 571 versum
1735 538 1847 571 inter-

125 588 258 630 posita,
281 589 401 621 neseio
426 587 515 630 quid
534 589 605 621 sibi
627 589 722 623 volit.

241 666 358 713 3579
398 668 557 709 Silvano
588 669 663 709 deo
694 677 733 710 et
759 672 766 724 Ι
792 671 996 712 montibus
1026 672 1205 713 Numidis
1230 670 1237 727 Ι
1265 673 1405 720 Q.lu1.
1437 673 1612 714 lulianus
1643 681 1682 714 et
1712 674 1845 714 Publi-

129 733 226 792 ciflus
256 736 540 778 Crescentinus
578 738 646 790 qui
677 736 808 795 prilmi
848 739 944 779 hinc
974 739 1182 781 columnas
1210 737 1461 797 vicelnarias¹
1501 742 1731 783 celaverunt
1768 748 1808 783 et
1838 741 1844 797 Ι

129 810 168 844 et
190 809 275 852 (eie)
306 812 629 858 exportaverunt,
656 806 664 861 Ι
691 819 724 846 v.
755 820 787 847 s.
819 806 844 847 l.
876 819 928 847 m.

245 871 336 905 olim
361 872 554 916 Mar-igme
575 884 689 917 prope
712 871 871 907 St.-B6at
892 876 932 907 in
955 873 1054 907 saltu
1075 875 1274 919 Pyrenaeo,
1297 877 1371 909 iam
1391 875 1539 909 Tolosae
1564 876 1671 921 (XIII
1684 877 1733 911 58
1754 877 1848 910 vidit

127 927 362 972 Hirschfeld).
390 948 437 955 —
471 932 503 972 1)
527 930 698 973 Intellege
722 931 905 963 columnas
928 933 1071 963 vicenos
1090 931 1199 974 pedes
1223 932 1326 969 aleas,
1374 932 1539 976 Vestigia
1563 933 1846 976 lapicidinarum

126 987 363 1029 antiquarum
378 986 442 1020 illo
459 986 537 1020 loeo
554 990 682 1021 extare
696 985 812 1027 rel'erl
826 986 948 1031 Bar-ry
965 987 1065 1031 apud
1078 988 1282 1022 Henzenum
1298 989 1382 1023 bun.
1397 990 1484 1024 lust.
1500 991 1599 1024 arch.
1615 990 1705 1025 4862
1719 1001 1755 1034 p.
1768 990 1846 1025 442.

241 1121 358 1168 3580
406 1124 545 1165 Fauno
573 1124 674 1178 Aug.
706 1137 820 1175 sacr„
849 1122 855 1181 Ι
883 1126 1196 1183 Epitynchanlus
1225 1124 1508 1184 Philostor{[y]i
1544 1129 1644 1181 Aug.
1675 1127 1805 1168 arkar.
1836 1125 1844 1184 Ι

128 1187 237 1248 [vila]
248 1193 274 1241 ¹,
303 1205 338 1232 v,
368 1205 400 1233 s.

245 1257 452 1292 Thabracae
481 1261 521 1293 in
547 1270 612 1293 ora
635 1258 790 1301 Africae
811 1271 887 1303 rep.
920 1260 1118 1302 (Gauckler
1140 1261 1236 1297 Ball.
1261 1260 1540 1305 arclze'ologique
1563 1263 1611 1296 du
1635 1262 1764 1297 comite
1785 1263 1846 1297 des

128 1317 287 1349 meaux
309 1316 392 1350 hiat.
415 1316 502 1350 4894
523 1327 560 1360 p.
575 1316 670 1361 244).
696 1335 740 1343 ·—
777 1319 809 1361 1)
832 1317 1026 1361 Intellege.-
1060 1318 1220 1361 Augusti
1242 1319 1389 1353 arkarii
1411 1321 1571 1353 vicarius
1595 1319 1652 1363 (in
1674 1319 1747 1361 fine
1770 1323 1845 1353 tra·

126 1371 228 1405 ditur
251 1371 361 1407 arkar.
382 1371 388 1417 Ι
410 1399 419 1408 .
433 1373 531 1407 ..ius
555 1400 564 1408 .
578 1398 587 1408 .
601 1373 640 1418 .).

238 1485 352 1532 3581
402 1488 572 1530 Faustus
603 1489 799 1530 Versenni
830 1490 872 1530 P.
903 1490 996 1531 ser.¹
1031 1487 1037 1544 Ι
1074 1490 1261 1543 Priapum
1300 1496 1339 1531 et
1375 1491 1569 1544 templum
1602 1488 1607 1546 Ι
1641 1491 1678 1531 d.
1711 1504 1742 1532 s.
1774 1503 1844 1544 pe-

126 1554 218 1596 culi.
248 1556 275 1596 f.
305 1556 359 1596 c.²

240 1623 387 1656 Pisauri
410 1622 480 1665 (XI
499 1624 587 1659 6544
612 1624 703 1658 vidit
728 1625 940 1670 Bor-mann).
964 1644 1004 1651 -
1032 1626 1065 1669 1)
1088 1625 1249 1659 Faustus
1268 1626 1452 1668 Versenm‘,
1477 1627 1598 1660 Publii
1618 1637 1751 1661 servus.
1790 1627 1845 1660 De

128 1679 197 1713 hae
212 1673 419 1723 ariliqm'ore
442 1683 600 1713 nominis
615 1683 758 1715 seruilis
772 1680 896 1723 forma
913 1683 1039 1726 (quam
1054 1683 1162 1716 habes
1178 1685 1287 1716 etiam
1302 1694 1414 1727 supra
1434 1683 1480 1717 N.
1491 1684 1594 1718 5427.
1613 1683 1716 1724 5207,
1740 1682 1843 1723 infra

126 1734 172 1770 Ν.
183 1737 284 1772 5609.
300 1738 422 1771 5685·.
436 1737 528 1772 5849
539 1740 620 1781 oet.)
637 1737 686 1778 cll
702 1738 862 1774 Momms.
879 1739 1032 1773 Staatsr.
1049 1739 1108 1773 111
1117 1750 1155 1783 p.
1167 1740 1235 1774 207
1246 1743 1311 1774 nol
1321 1740 1340 1773 4
1348 1753 1362 1782 ,·
1386 1740 1602 1784 Mar-quamn
1619 1741 1843 1775 Privatleben

123 1803 161 1836 Ρ.
172 1794 231 1828 20.
255 1812 300 1818 -
325 1796 360 1834 2)
385 1795 438 1827 De
460 1805 526 1827 suo
550 1796 691 1837 peculio
713 1795 922 1835 faciendum
946 1798 1101 1830 curavit.

239 1871 358 1921 3582
388 1876 531 1929 Priepo
555 1874 561 1932 Ι
586 1877 761 1918 Pantheo
787 1877 794 1932 Ι
822 1878 864 1918 Ρ.
888 1879 930 1918 P.
952 1878 1048 1918 Aelii
1076 1876 1083 1933 Ι
1111 1878 1225 1918 Ursio
1247 1885 1287 1918 et
1306 1874 1569 1932 Anltonianus
1590 1877 1746 1931 aeJdiles
1766 1879 1841 1918 col.

126 1942 242 1994 Apul.
269 1940 277 1997 Ι
302 1943 534 1985 dicaverunt
557 1944 565 2000 Ι
591 1946 736 1986 Severo
767 1951 807 1986 et
837 1942 1126 2002 [Q]uin[1]iano
1155 1945 1253 1986 cos.¹

240 2009 354 2042 Albae
377 2010 503 2053 Iuliae,
536 2013 562 2045 i.
587 2023 615 2045 e.
647 2011 845 2055 Garlsburg
875 2015 949 2045 sive
971 2011 1085 2055 Apuli
1106 2013 1147 2044 in
1170 2011 1287 2044 Dacia
1313 2011 1385 2055 (ΙΙΙ
1407 2012 1496 2047 4459
1524 2011 1631 2045 semel
1661 2011 1841 2055 descripta

125 2076 216 2101 mee.
240 2065 353 2110 XVI).
376 2085 423 2092 —·
457 2069 488 2108 1)
513 2067 557 2101 A.
574 2068 656 2102 255.

240 2145 356 2192 3583
404 2148 464 2188 L.¹
494 2147 666 2189 Grauius
696 2148 726 2188 F
730 2148 829 2201 russgi
860 2161 928 2189 ara
957 2149 1102 2202 Priapo
1129 2147 1136 2204 Ι
1161 2149 1210 2189 de
1238 2163 1311 2190 suo
1342 2150 1436 2190 fecit
1464 2148 1667 2203 ma1i01·io²
1695 2161 1781 2189 suo.

241 2215 284 2248 In
307 2213 450 2256 Africa,
480 2215 557 2248 loeo
582 2215 678 2248 dieto
710 2214 793 2249 Sidi
814 2215 878 2249 Ali
899 2216 976 2250 Ben
1000 2215 1142 2249 Kassem
1172 2216 1282 2257 (VIII
1303 2216 1337 2251 S.
1355 2217 1458 2251 44694
1483 2217 1578 2250 vidit
1600 2216 1769 2260 Gagnat).
1795 2234 1839 2241 —

129 2271 163 2311 1)
186 2270 368 2304 Incertum
382 2273 507 2304 utrum
523 2270 559 2307 L.
576 2282 625 2305 an
641 2270 682 2305 T.
698 2290 743 2296 -
768 2273 803 2315 2)
827 2272 1051 2306 Vocabulum
1074 2274 1249 2316 ignotum,
1273 2285 1343 2317 quo
1362 2274 1546 2307 dominum
1568 2274 1626 2307 vel
1645 2276 1840 2317 patronum

125 2325 331 2370 significari
351 2330 461 2371 putat
479 2327 679 2362 Mommsen.
705 2328 962 2368 (Maioriarius
977 2333 1030 2362 est
1045 2341 1158 2371 snpra
1175 2329 1221 2364 Ν.
1238 2330 1337 2373 2448,
1361 2341 1409 2364 eoe
1423 2332 1639 2364 maior-iuria
1655 2329 1701 2365 N.
1717 2330 1839 2372 5445).

239 2405 356 2453 3584
605 2439 943 2450 ...........
977 2423 1095 2464 saepe
1126 2411 1292 2464 Priapus

673 2507 880 2520 .......
913 2475 1064 2535 ΙΙααΙεει
1094 2479 1240 2520 melca¹
1271 2480 1388 2520 datur

608 2575 945 2589 ...........
975 2554 1079 2588 astra
1109 2548 1258 2588 fuisset.

239 2611 385 2654 Romae,
410 2614 549 2655 pictum
577 2613 618 2645 in
647 2611 854 2655 fragmento
887 2614 1031 2647 tector-iz·
1061 2613 1135 2655 (VI
1151 2615 1267 2649 50995
1295 2614 1388 2647 vidit
1415 2612 1597 2658 Hueleen).
1646 2614 1840 2648 Buecheler

127 2678 237 2702 earm·
260 2670 377 2712 epigr.
399 2679 434 2702 n.
451 2670 529 2704 862.
554 2688 599 2693 -
626 2670 658 2710 1)
682 2669 736 2702 De
758 2670 870 2702 melca
895 2667 943 2708 cs.
967 2669 1164 2703 Buecheler
1186 2681 1277 2705 mus.
1299 2669 1406 2704 Rhea.
1422 2670 1479 2711 57,
1502 2670 1591 2704 4882
1612 2682 1648 2714 p.
1665 2671 1746 2705 520.

239 2747 354 2795 3585
536 2757 671 2792 custos
700 2750 871 2804 sepulcri
902 2763 1006 2803 pene
1035 2751 1224 2792 destricto
1253 2751 1351 2792 deus
1377 2748 1383 2804 Ι

536 2819 702 2872 Priapus
731 2831 805 2871 ego
835 2831 936 2859 sum.
967 2817 1107 2859 Mortis
1136 2825 1176 2858 et
1203 2818 1295 2858 vitai
1324 2818 1448 2858 locus.

240 2883 373 2918 Romae
393 2896 469 2929 rep.
487 2885 536 2919 ad
550 2887 647 2920 viam
662 2886 818 2930 Appiam
834 2886 931 2918 inter
946 2886 1194 2928 sepulcrorum
1207 2885 1354 2925 rudera,
1378 2895 1476 2918 nunc
1490 2886 1641 2918 Parisiis
1665 2884 1716 2930 (V
1717 2885 1737 2918 1
1747 2884 1838 2919 5708

47 2927 51 2930 ”
126 2954 173 2969 ι-
193 2940 284 2975 5475
306 2958 352 2971 ι-
373 2942 487 2976 50992
517 2942 610 2976 vidit
639 2942 683 2975 de
705 2941 837 2986 Boni).
884 2942 1078 2976 Buecheler
1108 2951 1216 2975 carm.
1241 2943 1357 2984 epigr.
1381 2952 1417 2975 n.
1432 2941 1509 2976 495.
1557 2941 1644 2975 Alia
1674 2943 1837 2975 earmina

126 2997 278 3040 Pn'apea
303 2997 482 3041 lapidibus
503 3000 680 3042 inscripta
713 2998 769 3042 (V
785 2999 879 3033 2805
901 3015 947 3028 ·=
970 2998 1164 3031 Buecheler
1185 2997 1270 3039 864,·
1305 2996 1358 3031 Χ]
1375 2998 1468 3032 5862
1500 2997 1549 3038 cf.
1571 2998 1704 3033 Buech.
1729 2998 1838 3040 1505,-

127 3051 220 3086 XIV
233 3054 324 3087 3565
347 3069 392 3082 —
416 3054 546 3088 Bueeh.
570 3065 604 3088 n.
621 3055 723 3094 4504)
748 3057 807 3088 lzic
830 3065 903 3088 non
925 3058 1057 3096 repeto.
