<?xml version="1.0" encoding="UTF-8"?>
<!DOCTYPE html PUBLIC "-//W3C//DTD XHTML 1.0 Transitional//EN"
    "http://www.w3.org/TR/xhtml1/DTD/xhtml1-transitional.dtd">
<html xmlns="http://www.w3.org/1999/xhtml" xml:lang="en" lang="en">
 <head>
  <title>
</title>
<meta http-equiv="Content-Type" content="text/html;charset=utf-8" />
  <meta name='ocr-system' content='tesseract 3.04.00' />
  <meta name='ocr-capabilities' content='ocr_page ocr_carea ocr_par ocr_line ocrx_word'/>
</head>
<body>
  <div class='ocr_page' id='page_1' title='image "./inscriptioneslat21dessuoft_0540.png"; bbox 0 0 2092 3360; ppageno 0'>
   <div class='ocr_carea' id='block_1_1' title="bbox 258 166 1246 212">
    <p class='ocr_par' dir='ltr' id='par_1_1' title="bbox 258 166 1246 212">
     <span class='ocr_line' id='line_1_1' title="bbox 258 166 1246 212; baseline -0.007 -4"><span class='ocrx_word' id='word_1_1' title='bbox 258 169 340 209; x_wconf 88' lang='lat'><strong>530</strong></span> <span class='ocrx_word' id='word_1_2' title='bbox 986 166 1107 212; x_wconf 80' lang='lat' dir='ltr'><strong>Caput</strong></span> <span class='ocrx_word' id='word_1_3' title='bbox 1129 166 1246 202; x_wconf 88' lang='lat' dir='ltr'><strong>XIIIL</strong></span> 
     </span>
    </p>
   </div>
   <div class='ocr_carea' id='block_1_2' title="bbox 257 280 1968 677">
    <p class='ocr_par' dir='ltr' id='par_1_2' title="bbox 257 280 1968 677">
     <span class='ocr_line' id='line_1_2' title="bbox 258 280 1966 338; baseline 0.002 -14"><span class='ocrx_word' id='word_1_4' title='bbox 258 284 391 324; x_wconf 78' lang='lat' dir='ltr'><strong>Aviola</strong></span> <span class='ocrx_word' id='word_1_5' title='bbox 419 282 425 338; x_wconf 91' lang='grc' dir='ltr'>Ι</span> <span class='ocrx_word' id='word_1_6' title='bbox 451 283 540 323; x_wconf 86' lang='lat' dir='ltr'><strong>trib.</strong></span> <span class='ocrx_word' id='word_1_7' title='bbox 572 282 684 322; x_wconf 87' lang='lat' dir='ltr'><strong>milit.</strong></span> <span class='ocrx_word' id='word_1_8' title='bbox 715 283 791 334; x_wconf 89' lang='lat' dir='ltr'><strong>leg.</strong></span> <span class='ocrx_word' id='word_1_9' title='bbox 821 283 875 322; x_wconf 88' lang='lat'><strong>111</strong></span> <span class='ocrx_word' id='word_1_10' title='bbox 905 283 1018 335; x_wconf 65' lang='lat' dir='ltr'><strong>Aug„</strong></span> <span class='ocrx_word' id='word_1_11' title='bbox 1049 283 1172 335; x_wconf 83' lang='lat' dir='ltr'><strong>praes.</strong></span> <span class='ocrx_word' id='word_1_12' title='bbox 1204 281 1317 330; x_wconf 66' lang='lat' dir='ltr'><strong>fabr„</strong></span> <span class='ocrx_word' id='word_1_13' title='bbox 1343 280 1351 335; x_wconf 94' lang='grc' dir='ltr'>Ι</span> <span class='ocrx_word' id='word_1_14' title='bbox 1386 294 1475 322; x_wconf 93' lang='lat' dir='ltr'><strong>eum</strong></span> <span class='ocrx_word' id='word_1_15' title='bbox 1508 282 1735 335; x_wconf 85' lang='lat' dir='ltr'><strong>liberosque</strong></span> <span class='ocrx_word' id='word_1_16' title='bbox 1764 291 1966 337; x_wconf 85' lang='lat' dir='ltr'><strong>posteros-</strong></span> 
     </span>
     <span class='ocr_line' id='line_1_3' title="bbox 260 347 1967 407; baseline 0.002 -15"><span class='ocrx_word' id='word_1_17' title='bbox 260 365 337 405; x_wconf 99' lang='lat' dir='ltr'><strong>que</strong></span> <span class='ocrx_word' id='word_1_18' title='bbox 367 353 450 392; x_wconf 87' lang='lat' dir='ltr'><strong>eius</strong></span> <span class='ocrx_word' id='word_1_19' title='bbox 476 350 482 405; x_wconf 92' lang='grc' dir='ltr'>Ι</span> <span class='ocrx_word' id='word_1_20' title='bbox 517 350 591 390; x_wconf 89' lang='lat' dir='ltr'><strong>sibi</strong></span> <span class='ocrx_word' id='word_1_21' title='bbox 622 349 756 390; x_wconf 90' lang='lat' dir='ltr'><strong>liberis</strong></span> <span class='ocrx_word' id='word_1_22' title='bbox 786 351 1037 403; x_wconf 79' lang='lat' dir='ltr'><strong>posterisque</strong></span> <span class='ocrx_word' id='word_1_23' title='bbox 1067 350 1149 390; x_wconf 92' lang='lat' dir='ltr'><strong>suis</strong></span> <span class='ocrx_word' id='word_1_24' title='bbox 1178 347 1408 405; x_wconf 66' lang='lat' dir='ltr'><strong>paltronum</strong></span> <span class='ocrx_word' id='word_1_25' title='bbox 1441 357 1714 403; x_wconf 87' lang='lat' dir='ltr'><strong>coptaverunt.</strong></span> <span class='ocrx_word' id='word_1_26' title='bbox 1809 351 1816 407; x_wconf 99' lang='grc' dir='ltr'>Ι</span> <span class='ocrx_word' id='word_1_27' title='bbox 1843 353 1884 395; x_wconf 90' lang='lat' dir='ltr'><strong>C.</strong></span> <span class='ocrx_word' id='word_1_28' title='bbox 1907 355 1967 396; x_wconf 87' lang='lat' dir='ltr'><strong>Si·</strong></span> 
     </span>
     <span class='ocr_line' id='line_1_4' title="bbox 258 415 1966 477; baseline 0.003 -19"><span class='ocrx_word' id='word_1_29' title='bbox 258 420 333 459; x_wconf 92' lang='lat' dir='ltr'><strong>lius</strong></span> <span class='ocrx_word' id='word_1_30' title='bbox 355 419 397 459; x_wconf 91' lang='lat' dir='ltr'><strong>C.</strong></span> <span class='ocrx_word' id='word_1_31' title='bbox 419 420 445 458; x_wconf 87' lang='lat' dir='ltr'><strong>f.</strong></span> <span class='ocrx_word' id='word_1_32' title='bbox 467 417 561 457; x_wconf 89' lang='lat' dir='ltr'><strong>Fab.</strong></span> <span class='ocrx_word' id='word_1_33' title='bbox 583 418 719 457; x_wconf 89' lang='lat' dir='ltr'><strong>Aviola</strong></span> <span class='ocrx_word' id='word_1_34' title='bbox 747 418 840 458; x_wconf 89' lang='lat' dir='ltr'><strong>trib.</strong></span> <span class='ocrx_word' id='word_1_35' title='bbox 861 419 973 458; x_wconf 87' lang='lat' dir='ltr'><strong>milit.</strong></span> <span class='ocrx_word' id='word_1_36' title='bbox 1001 415 1009 472; x_wconf 97' lang='grc' dir='ltr'>Ι</span> <span class='ocrx_word' id='word_1_37' title='bbox 1034 418 1110 470; x_wconf 86' lang='lat' dir='ltr'><strong>leg.</strong></span> <span class='ocrx_word' id='word_1_38' title='bbox 1133 418 1187 458; x_wconf 87' lang='lat'><strong>111</strong></span> <span class='ocrx_word' id='word_1_39' title='bbox 1209 419 1322 470; x_wconf 74' lang='lat' dir='ltr'><strong>Aug..</strong></span> <span class='ocrx_word' id='word_1_40' title='bbox 1353 431 1413 470; x_wconf 91' lang='lat' dir='ltr'><strong>pr.</strong></span> <span class='ocrx_word' id='word_1_41' title='bbox 1435 418 1549 467; x_wconf 67' lang='lat' dir='ltr'><strong>fabr„</strong></span> <span class='ocrx_word' id='word_1_42' title='bbox 1580 420 1774 460; x_wconf 91' lang='lat' dir='ltr'><strong>civitatem</strong></span> <span class='ocrx_word' id='word_1_43' title='bbox 1795 418 1966 477; x_wconf 70' lang='lat' dir='ltr'><strong>Apilsam</strong></span> 
     </span>
     <span class='ocr_line' id='line_1_5' title="bbox 258 483 1966 543; baseline 0.002 -17"><span class='ocrx_word' id='word_1_44' title='bbox 258 487 381 526; x_wconf 91' lang='lat' dir='ltr'><strong>maius</strong></span> <span class='ocrx_word' id='word_1_45' title='bbox 410 485 556 526; x_wconf 88' lang='lat' dir='ltr'><strong>liberos</strong></span> <span class='ocrx_word' id='word_1_46' title='bbox 586 492 847 538; x_wconf 88' lang='lat' dir='ltr'><strong>posterosque</strong></span> <span class='ocrx_word' id='word_1_47' title='bbox 874 483 880 541; x_wconf 98' lang='grc' dir='ltr'>Ι</span> <span class='ocrx_word' id='word_1_48' title='bbox 917 498 1055 527; x_wconf 88' lang='lat' dir='ltr'><strong>eorum</strong></span> <span class='ocrx_word' id='word_1_49' title='bbox 1086 485 1161 526; x_wconf 92' lang='lat' dir='ltr'><strong>sibi</strong></span> <span class='ocrx_word' id='word_1_50' title='bbox 1191 485 1327 526; x_wconf 86' lang='lat' dir='ltr'><strong>liberis</strong></span> <span class='ocrx_word' id='word_1_51' title='bbox 1358 487 1606 539; x_wconf 84' lang='lat' dir='ltr'>posterisque</span> <span class='ocrx_word' id='word_1_52' title='bbox 1633 485 1639 543; x_wconf 96' lang='grc' dir='ltr'>Ι</span> <span class='ocrx_word' id='word_1_53' title='bbox 1666 488 1748 529; x_wconf 90' lang='lat' dir='ltr'><strong>suis</strong></span> <span class='ocrx_word' id='word_1_54' title='bbox 1778 489 1819 529; x_wconf 92' lang='lat' dir='ltr'><strong>in</strong></span> <span class='ocrx_word' id='word_1_55' title='bbox 1849 489 1966 530; x_wconf 79' lang='lat' dir='ltr'><strong>fidem</strong></span> 
     </span>
     <span class='ocr_line' id='line_1_6' title="bbox 257 551 1968 612; baseline 0.005 -18"><span class='ocrx_word' id='word_1_56' title='bbox 257 554 556 606; x_wconf 75' lang='lat' dir='ltr'>clientelamque</span> <span class='ocrx_word' id='word_1_57' title='bbox 597 551 604 608; x_wconf 96' lang='grc' dir='ltr'>Ι</span> <span class='ocrx_word' id='word_1_58' title='bbox 645 554 808 606; x_wconf 89' lang='lat' dir='ltr'><strong>recepit.</strong></span> <span class='ocrx_word' id='word_1_59' title='bbox 868 554 1049 607; x_wconf 86' lang='lat' dir='ltr'><strong>Egerunt</strong></span> <span class='ocrx_word' id='word_1_60' title='bbox 1087 552 1094 608; x_wconf 95' lang='grc' dir='ltr'>Ι</span> <span class='ocrx_word' id='word_1_61' title='bbox 1134 554 1356 595; x_wconf 85' lang='lat' dir='ltr'><strong>Hasdrubal</strong></span> <span class='ocrx_word' id='word_1_62' title='bbox 1387 566 1604 608; x_wconf 76' lang='lat' dir='ltr'><strong>(sequuntur</strong></span> <span class='ocrx_word' id='word_1_63' title='bbox 1627 568 1776 601; x_wconf 85' lang='lat' dir='ltr'><strong>nomina</strong></span> <span class='ocrx_word' id='word_1_64' title='bbox 1796 567 1968 612; x_wconf 73' lang='lat' dir='ltr'><strong>pleraque</strong></span> 
     </span>
     <span class='ocr_line' id='line_1_7' title="bbox 257 621 1520 677; baseline -0.002 -11"><span class='ocrx_word' id='word_1_65' title='bbox 257 635 440 675; x_wconf 76' lang='lat' dir='ltr'><strong>corrupta,</strong></span> <span class='ocrx_word' id='word_1_66' title='bbox 464 635 503 666; x_wconf 80' lang='lat' dir='ltr'><strong>in</strong></span> <span class='ocrx_word' id='word_1_67' title='bbox 524 632 613 677; x_wconf 79' lang='lat' dir='ltr'><strong>fine)</strong></span> <span class='ocrx_word' id='word_1_68' title='bbox 645 622 734 663; x_wconf 88' lang='lat' dir='ltr'><strong>Aris</strong></span> <span class='ocrx_word' id='word_1_69' title='bbox 763 622 924 676; x_wconf 85' lang='lat' dir='ltr'><strong>loiapoi‚</strong></span> <span class='ocrx_word' id='word_1_70' title='bbox 952 621 959 677; x_wconf 96' lang='grc' dir='ltr'>Ι</span> <span class='ocrx_word' id='word_1_71' title='bbox 986 623 1116 675; x_wconf 83' lang='lat' dir='ltr'>Saepo</span> <span class='ocrx_word' id='word_1_72' title='bbox 1148 621 1360 663; x_wconf 88' lang='lat' dir='ltr'><strong>Chanaebo</strong></span> <span class='ocrx_word' id='word_1_73' title='bbox 1390 623 1520 676; x_wconf 84' lang='lat' dir='ltr'><strong>legati.</strong></span> 
     </span>
    </p>
   </div>
   <div class='ocr_carea' id='block_1_3' title="bbox 255 711 2030 1111">
    <p class='ocr_par' dir='ltr' id='par_1_3' title="bbox 255 711 2030 1111">
     <span class='ocr_line' id='line_1_8' title="bbox 368 711 1966 773; baseline 0.004 -21"><span class='ocrx_word' id='word_1_74' title='bbox 368 711 482 758; x_wconf 83' lang='grc'><em>6100</em></span> <span class='ocrx_word' id='word_1_75' title='bbox 539 713 592 753; x_wconf 93' lang='grc' dir='ltr'><strong>Μ.</strong></span> <span class='ocrx_word' id='word_1_76' title='bbox 615 713 753 754; x_wconf 82' lang='lat' dir='ltr'><strong>Crasso</strong></span> <span class='ocrx_word' id='word_1_77' title='bbox 775 713 897 766; x_wconf 86' lang='lat' dir='ltr'><strong>Frugi</strong></span> <span class='ocrx_word' id='word_1_78' title='bbox 927 713 971 753; x_wconf 89' lang='lat' dir='ltr'><strong>L.</strong></span> <span class='ocrx_word' id='word_1_79' title='bbox 995 713 1209 764; x_wconf 87' lang='lat' dir='ltr'><strong>Calpurnio</strong></span> <span class='ocrx_word' id='word_1_80' title='bbox 1236 711 1242 768; x_wconf 98' lang='grc' dir='ltr'>Ι</span> <span class='ocrx_word' id='word_1_81' title='bbox 1269 713 1414 754; x_wconf 84' lang='lat' dir='ltr'><strong>Pisone</strong></span> <span class='ocrx_word' id='word_1_82' title='bbox 1446 715 1544 757; x_wconf 81' lang='lat' dir='ltr'><strong>cOS.⁴</strong></span> <span class='ocrx_word' id='word_1_83' title='bbox 1570 713 1576 770; x_wconf 93' lang='grc' dir='ltr'>Ι</span> <span class='ocrx_word' id='word_1_84' title='bbox 1603 715 1657 756; x_wconf 88' lang='grc' dir='ltr'><strong>ΙΙΙ</strong></span> <span class='ocrx_word' id='word_1_85' title='bbox 1687 729 1783 757; x_wconf 87' lang='lat' dir='ltr'><strong>non.</strong></span> <span class='ocrx_word' id='word_1_86' title='bbox 1813 716 1930 758; x_wconf 86' lang='lat' dir='ltr'><strong>Febr.</strong></span> <span class='ocrx_word' id='word_1_87' title='bbox 1957 715 1966 773; x_wconf 88' lang='grc' dir='ltr'>Ι</span> 
     </span>
     <span class='ocr_line' id='line_1_9' title="bbox 258 780 1968 836; baseline 0.004 -15"><span class='ocrx_word' id='word_1_88' title='bbox 258 782 391 822; x_wconf 90' lang='lat' dir='ltr'><strong>civitas</strong></span> <span class='ocrx_word' id='word_1_89' title='bbox 413 782 623 822; x_wconf 84' lang='lat' dir='ltr'><strong>Themetra</strong></span> <span class='ocrx_word' id='word_1_90' title='bbox 653 795 700 822; x_wconf 86' lang='lat' dir='ltr'><strong>ex</strong></span> <span class='ocrx_word' id='word_1_91' title='bbox 730 782 861 822; x_wconf 85' lang='lat' dir='ltr'><strong>Africa</strong></span> <span class='ocrx_word' id='word_1_92' title='bbox 891 781 1108 835; x_wconf 87' lang='lat' dir='ltr'><strong>hospitium</strong></span> <span class='ocrx_word' id='word_1_93' title='bbox 1135 780 1141 836; x_wconf 98' lang='grc' dir='ltr'>Ι</span> <span class='ocrx_word' id='word_1_94' title='bbox 1167 782 1261 823; x_wconf 83' lang='lat' dir='ltr'><strong>fecit</strong></span> <span class='ocrx_word' id='word_1_95' title='bbox 1291 795 1381 823; x_wconf 92' lang='lat' dir='ltr'><strong>cum</strong></span> <span class='ocrx_word' id='word_1_96' title='bbox 1412 782 1455 824; x_wconf 80' lang='lat' dir='ltr'><strong>C.</strong></span> <span class='ocrx_word' id='word_1_97' title='bbox 1476 783 1572 824; x_wconf 92' lang='lat' dir='ltr'><strong>Silio</strong></span> <span class='ocrx_word' id='word_1_98' title='bbox 1605 783 1646 825; x_wconf 86' lang='lat' dir='ltr'><strong>C.</strong></span> <span class='ocrx_word' id='word_1_99' title='bbox 1668 785 1696 825; x_wconf 83' lang='lat' dir='ltr'><strong>f.</strong></span> <span class='ocrx_word' id='word_1_100' title='bbox 1717 784 1810 829; x_wconf 83' lang='lat' dir='ltr'><strong>Fab.</strong></span> <span class='ocrx_word' id='word_1_101' title='bbox 1833 786 1968 827; x_wconf 87' lang='lat' dir='ltr'><strong>Aviola</strong></span> 
     </span>
     <span class='ocr_line' id='line_1_10' title="bbox 259 846 1967 907; baseline 0.004 -17"><span class='ocrx_word' id='word_1_102' title='bbox 259 846 379 907; x_wconf 86' lang='lat' dir='ltr'><strong>[eu]m</strong></span> <span class='ocrx_word' id='word_1_103' title='bbox 411 850 418 905; x_wconf 93' lang='grc' dir='ltr'>Ι</span> <span class='ocrx_word' id='word_1_104' title='bbox 450 851 597 891; x_wconf 89' lang='lat' dir='ltr'><strong>liberos</strong></span> <span class='ocrx_word' id='word_1_105' title='bbox 627 857 891 904; x_wconf 88' lang='lat' dir='ltr'><strong>posterosque</strong></span> <span class='ocrx_word' id='word_1_106' title='bbox 927 851 1013 891; x_wconf 91' lang='lat' dir='ltr'><strong>eius</strong></span> <span class='ocrx_word' id='word_1_107' title='bbox 1042 850 1117 891; x_wconf 90' lang='lat' dir='ltr'><strong>sibi</strong></span> <span class='ocrx_word' id='word_1_108' title='bbox 1147 851 1281 892; x_wconf 89' lang='lat' dir='ltr'><strong>liberis</strong></span> <span class='ocrx_word' id='word_1_109' title='bbox 1314 849 1321 905; x_wconf 94' lang='grc' dir='ltr'>Ι</span> <span class='ocrx_word' id='word_1_110' title='bbox 1356 852 1606 905; x_wconf 87' lang='lat' dir='ltr'><strong>posterisque</strong></span> <span class='ocrx_word' id='word_1_111' title='bbox 1643 853 1724 895; x_wconf 92' lang='lat' dir='ltr'><strong>suis</strong></span> <span class='ocrx_word' id='word_1_112' title='bbox 1752 860 1967 907; x_wconf 90' lang='lat' dir='ltr'><strong>patronum</strong></span> 
     </span>
     <span class='ocr_line' id='line_1_11' title="bbox 257 916 1966 975; baseline 0.002 -15"><span class='ocrx_word' id='word_1_113' title='bbox 257 916 568 975; x_wconf 65' lang='lat' dir='ltr'><strong>cooptavelrunt.</strong></span> <span class='ocrx_word' id='word_1_114' title='bbox 632 918 639 972; x_wconf 97' lang='grc' dir='ltr'>Ι</span> <span class='ocrx_word' id='word_1_115' title='bbox 666 918 708 960; x_wconf 87' lang='lat' dir='ltr'><strong>C.</strong></span> <span class='ocrx_word' id='word_1_116' title='bbox 730 919 849 960; x_wconf 87' lang='lat' dir='ltr'><strong>Silius</strong></span> <span class='ocrx_word' id='word_1_117' title='bbox 881 919 921 960; x_wconf 90' lang='lat' dir='ltr'><strong>C.</strong></span> <span class='ocrx_word' id='word_1_118' title='bbox 942 920 970 959; x_wconf 87' lang='lat' dir='ltr'><strong>f.</strong></span> <span class='ocrx_word' id='word_1_119' title='bbox 991 918 1086 959; x_wconf 90' lang='lat' dir='ltr'><strong>Fab.</strong></span> <span class='ocrx_word' id='word_1_120' title='bbox 1107 919 1241 960; x_wconf 87' lang='lat' dir='ltr'><strong>Aviola</strong></span> <span class='ocrx_word' id='word_1_121' title='bbox 1272 919 1467 961; x_wconf 90' lang='lat' dir='ltr'><strong>civitatem</strong></span> <span class='ocrx_word' id='word_1_122' title='bbox 1497 921 1838 972; x_wconf 77' lang='lat' dir='ltr'><strong>Themeltrensem</strong></span> <span class='ocrx_word' id='word_1_123' title='bbox 1868 923 1966 964; x_wconf 89' lang='lat' dir='ltr'><strong>lihe-</strong></span> 
     </span>
     <span class='ocr_line' id='line_1_12' title="bbox 255 985 1967 1046; baseline 0.004 -20"><span class='ocrx_word' id='word_1_124' title='bbox 255 1000 321 1028; x_wconf 90' lang='lat' dir='ltr'><strong>ros</strong></span> <span class='ocrx_word' id='word_1_125' title='bbox 352 993 613 1040; x_wconf 88' lang='lat' dir='ltr'><strong>posterosque</strong></span> <span class='ocrx_word' id='word_1_126' title='bbox 635 1000 775 1027; x_wconf 88' lang='lat' dir='ltr'><strong>eorum</strong></span> <span class='ocrx_word' id='word_1_127' title='bbox 802 985 808 1042; x_wconf 97' lang='grc' dir='ltr'>Ι</span> <span class='ocrx_word' id='word_1_128' title='bbox 835 986 910 1028; x_wconf 91' lang='lat' dir='ltr'><strong>sibi</strong></span> <span class='ocrx_word' id='word_1_129' title='bbox 930 987 1065 1028; x_wconf 88' lang='lat' dir='ltr'><strong>liberis</strong></span> <span class='ocrx_word' id='word_1_130' title='bbox 1092 988 1343 1041; x_wconf 89' lang='lat' dir='ltr'><strong>posterisque</strong></span> <span class='ocrx_word' id='word_1_131' title='bbox 1373 989 1454 1030; x_wconf 91' lang='lat' dir='ltr'><strong>suis</strong></span> <span class='ocrx_word' id='word_1_132' title='bbox 1484 989 1524 1029; x_wconf 92' lang='lat' dir='ltr'><strong>in</strong></span> <span class='ocrx_word' id='word_1_133' title='bbox 1547 989 1665 1030; x_wconf 85' lang='lat' dir='ltr'><strong>fidem</strong></span> <span class='ocrx_word' id='word_1_134' title='bbox 1691 989 1696 1046; x_wconf 97' lang='grc' dir='ltr'>Ι</span> <span class='ocrx_word' id='word_1_135' title='bbox 1725 991 1967 1032; x_wconf 86' lang='lat' dir='ltr'><strong>clientelam-</strong></span> 
     </span>
     <span class='ocr_line' id='line_1_13' title="bbox 256 1053 2030 1111; baseline 0.003 -16"><span class='ocrx_word' id='word_1_136' title='bbox 256 1068 332 1108; x_wconf 87' lang='lat' dir='ltr'><strong>que</strong></span> <span class='ocrx_word' id='word_1_137' title='bbox 371 1068 481 1095; x_wconf 90' lang='lat' dir='ltr'><strong>suam</strong></span> <span class='ocrx_word' id='word_1_138' title='bbox 521 1056 685 1109; x_wconf 89' lang='lat' dir='ltr'><strong>recepit.</strong></span> <span class='ocrx_word' id='word_1_139' title='bbox 724 1053 732 1111; x_wconf 96' lang='grc' dir='ltr'>Ι</span> <span class='ocrx_word' id='word_1_140' title='bbox 771 1055 954 1109; x_wconf 85' lang='lat' dir='ltr'><strong>Egerunt</strong></span> <span class='ocrx_word' id='word_1_141' title='bbox 991 1055 1131 1096; x_wconf 88' lang='lat' dir='ltr'><strong>Banno</strong></span> <span class='ocrx_word' id='word_1_142' title='bbox 1167 1056 1323 1098; x_wconf 90' lang='lat' dir='ltr'><strong>Himilis</strong></span> <span class='ocrx_word' id='word_1_143' title='bbox 1352 1058 1394 1107; x_wconf 86' lang='lat' dir='ltr'><strong>f.‚</strong></span> <span class='ocrx_word' id='word_1_144' title='bbox 1433 1058 1560 1107; x_wconf 88' lang='lat' dir='ltr'><strong>sufes;</strong></span> <span class='ocrx_word' id='word_1_145' title='bbox 1606 1058 1800 1099; x_wconf 82' lang='lat' dir='ltr'><strong>Azdrubal</strong></span> <span class='ocrx_word' id='word_1_146' title='bbox 1829 1058 1968 1100; x_wconf 84' lang='lat' dir='ltr'><strong>Baisil-</strong></span> <span class='ocrx_word' id='word_1_147' title='bbox 2026 1057 2030 1060; x_wconf 47' lang='lat'><strong>⁴</strong></span> 
     </span>
    </p>
   </div>
   <div class='ocr_carea' id='block_1_4' title="bbox 256 1120 1104 1180">
    <p class='ocr_par' dir='ltr' id='par_1_4' title="bbox 256 1120 1104 1180">
     <span class='ocr_line' id='line_1_14' title="bbox 256 1120 1104 1180; baseline 0.001 -17"><span class='ocrx_word' id='word_1_148' title='bbox 256 1123 350 1164; x_wconf 91' lang='lat' dir='ltr'><strong>lecis</strong></span> <span class='ocrx_word' id='word_1_149' title='bbox 382 1124 430 1170; x_wconf 85' lang='lat' dir='ltr'><strong>s.‚</strong></span> <span class='ocrx_word' id='word_1_150' title='bbox 460 1121 465 1176; x_wconf 94' lang='grc' dir='ltr'>Ι</span> <span class='ocrx_word' id='word_1_151' title='bbox 498 1123 648 1164; x_wconf 84' lang='lat' dir='ltr'><strong>Iddibal</strong></span> <span class='ocrx_word' id='word_1_152' title='bbox 677 1120 909 1180; x_wconf 84' lang='lat' dir='ltr'><strong>Bos[t]haris</strong></span> <span class='ocrx_word' id='word_1_153' title='bbox 939 1125 980 1173; x_wconf 59' lang='grc' dir='ltr'><strong>ᾖ,</strong></span> <span class='ocrx_word' id='word_1_154' title='bbox 1010 1124 1104 1176; x_wconf 83' lang='lat' dir='ltr'><strong>leg.⁵</strong></span> 
     </span>
    </p>
   </div>
   <div class='ocr_carea' id='block_1_5' title="bbox 255 1190 1969 1746">
    <p class='ocr_par' dir='ltr' id='par_1_5' title="bbox 255 1190 1969 1518">
     <span class='ocr_line' id='line_1_15' title="bbox 376 1190 1968 1235; baseline 0.002 -11"><span class='ocrx_word' id='word_1_155' title='bbox 376 1191 517 1224; x_wconf 79' lang='lat' dir='ltr'><strong>Zenam‘</strong></span> <span class='ocrx_word' id='word_1_156' title='bbox 551 1193 590 1224; x_wconf 84' lang='lat' dir='ltr'><strong>in</strong></span> <span class='ocrx_word' id='word_1_157' title='bbox 621 1190 714 1224; x_wconf 87' lang='lat' dir='ltr'><strong>valle</strong></span> <span class='ocrx_word' id='word_1_158' title='bbox 749 1190 1040 1234; x_wconf 83' lang='lat' dir='ltr'><strong>Trumplinorum</strong></span> <span class='ocrx_word' id='word_1_159' title='bbox 1074 1201 1185 1234; x_wconf 76' lang='lat' dir='ltr'><strong>supra</strong></span> <span class='ocrx_word' id='word_1_160' title='bbox 1218 1191 1384 1224; x_wconf 76' lang='lat' dir='ltr'><strong>Brioeiam</strong></span> <span class='ocrx_word' id='word_1_161' title='bbox 1416 1203 1509 1235; x_wconf 61' lang='lat' dir='ltr'><strong>rep„</strong></span> <span class='ocrx_word' id='word_1_162' title='bbox 1546 1193 1691 1226; x_wconf 87' lang='lat' dir='ltr'><strong>tabulae</strong></span> <span class='ocrx_word' id='word_1_163' title='bbox 1728 1204 1860 1226; x_wconf 80' lang='lat' dir='ltr'><strong>aeneae</strong></span> <span class='ocrx_word' id='word_1_164' title='bbox 1895 1196 1968 1227; x_wconf 78' lang='lat' dir='ltr'><strong>tres</strong></span> 
     </span>
     <span class='ocr_line' id='line_1_16' title="bbox 257 1248 1969 1292; baseline 0.001 -10"><span class='ocrx_word' id='word_1_165' title='bbox 257 1248 320 1288; x_wconf 86' lang='lat' dir='ltr'><strong>(V</strong></span> <span class='ocrx_word' id='word_1_166' title='bbox 333 1249 435 1282; x_wconf 87' lang='grc'><em>4922.</em></span> <span class='ocrx_word' id='word_1_167' title='bbox 460 1248 558 1282; x_wconf 88' lang='grc'><em>4924.</em></span> <span class='ocrx_word' id='word_1_168' title='bbox 582 1248 668 1282; x_wconf 89' lang='grc'><em>4949</em></span> <span class='ocrx_word' id='word_1_169' title='bbox 698 1249 806 1280; x_wconf 79' lang='lat' dir='ltr'><strong>huius</strong></span> <span class='ocrx_word' id='word_1_170' title='bbox 837 1252 1002 1291; x_wconf 80' lang='lat' dir='ltr'><strong>eclypum</strong></span> <span class='ocrx_word' id='word_1_171' title='bbox 1033 1259 1079 1280; x_wconf 78' lang='lat' dir='ltr'><strong>eae</strong></span> <span class='ocrx_word' id='word_1_172' title='bbox 1108 1249 1185 1291; x_wconf 76' lang='lat' dir='ltr'><strong>ipso</strong></span> <span class='ocrx_word' id='word_1_173' title='bbox 1216 1258 1299 1281; x_wconf 86' lang='lat' dir='ltr'><strong>aere</strong></span> <span class='ocrx_word' id='word_1_174' title='bbox 1327 1252 1506 1292; x_wconf 71' lang='lat' dir='ltr'><strong>sumptum</strong></span> <span class='ocrx_word' id='word_1_175' title='bbox 1537 1250 1652 1283; x_wconf 79' lang='lat' dir='ltr'><strong>edidit</strong></span> <span class='ocrx_word' id='word_1_176' title='bbox 1674 1250 1852 1292; x_wconf 61' lang='lat' dir='ltr'><strong>Maffeffls,</strong></span> <span class='ocrx_word' id='word_1_177' title='bbox 1882 1249 1969 1284; x_wconf 80' lang='lat' dir='ltr'><strong>illae</strong></span> 
     </span>
     <span class='ocr_line' id='line_1_17' title="bbox 259 1304 1968 1348; baseline 0.002 -11"><span class='ocrx_word' id='word_1_178' title='bbox 259 1306 358 1338; x_wconf 75' lang='lat' dir='ltr'><strong>circa</strong></span> <span class='ocrx_word' id='word_1_179' title='bbox 377 1315 409 1338; x_wconf 92' lang='lat' dir='ltr'><strong>a.</strong></span> <span class='ocrx_word' id='word_1_180' title='bbox 426 1305 510 1339; x_wconf 88' lang='grc'><em>4600</em></span> <span class='ocrx_word' id='word_1_181' title='bbox 534 1306 588 1337; x_wconf 77' lang='lat' dir='ltr'><strong>bis</strong></span> <span class='ocrx_word' id='word_1_182' title='bbox 603 1304 659 1337; x_wconf 87' lang='lat' dir='ltr'><strong>vel</strong></span> <span class='ocrx_word' id='word_1_183' title='bbox 674 1307 729 1337; x_wconf 88' lang='lat' dir='ltr'><strong>ter</strong></span> <span class='ocrx_word' id='word_1_184' title='bbox 746 1305 945 1348; x_wconf 78' lang='lat' dir='ltr'><strong>descriptae</strong></span> <span class='ocrx_word' id='word_1_185' title='bbox 966 1307 1088 1348; x_wconf 77' lang='lat' dir='ltr'><strong>postea</strong></span> <span class='ocrx_word' id='word_1_186' title='bbox 1103 1315 1177 1338; x_wconf 84' lang='lat' dir='ltr'><strong>non</strong></span> <span class='ocrx_word' id='word_1_187' title='bbox 1193 1308 1502 1348; x_wconf 82' lang='lat' dir='ltr'><strong>comparuerunt).</strong></span> <span class='ocrx_word' id='word_1_188' title='bbox 1543 1306 1683 1348; x_wconf 77' lang='lat' dir='ltr'><strong>Quarta</strong></span> <span class='ocrx_word' id='word_1_189' title='bbox 1699 1306 1829 1340; x_wconf 73' lang='lat' dir='ltr'><strong>similis</strong></span> <span class='ocrx_word' id='word_1_190' title='bbox 1844 1307 1968 1341; x_wconf 81' lang='lat' dir='ltr'><strong>tabula</strong></span> 
     </span>
     <span class='ocr_line' id='line_1_18' title="bbox 256 1361 1969 1407; baseline 0.003 -14"><span class='ocrx_word' id='word_1_191' title='bbox 256 1364 308 1394; x_wconf 75' lang='lat' dir='ltr'><strong>est</strong></span> <span class='ocrx_word' id='word_1_192' title='bbox 334 1361 372 1396; x_wconf 95' lang='lat' dir='ltr'><em>V</em></span> <span class='ocrx_word' id='word_1_193' title='bbox 387 1362 487 1396; x_wconf 90' lang='grc'><em>4920.</em></span> <span class='ocrx_word' id='word_1_194' title='bbox 516 1380 562 1386; x_wconf 92' lang='grc'>-</span> <span class='ocrx_word' id='word_1_195' title='bbox 599 1363 631 1404; x_wconf 87' lang='grc'><strong>1)</strong></span> <span class='ocrx_word' id='word_1_196' title='bbox 658 1361 825 1395; x_wconf 77' lang='lat' dir='ltr'><strong>Consules</strong></span> <span class='ocrx_word' id='word_1_197' title='bbox 847 1361 1007 1405; x_wconf 79' lang='lat' dir='ltr'><strong>suffecti,</strong></span> <span class='ocrx_word' id='word_1_198' title='bbox 1036 1362 1113 1394; x_wconf 76' lang='lat' dir='ltr'><strong>sine</strong></span> <span class='ocrx_word' id='word_1_199' title='bbox 1144 1362 1250 1395; x_wconf 84' lang='lat' dir='ltr'><strong>dubio</strong></span> <span class='ocrx_word' id='word_1_200' title='bbox 1285 1364 1382 1396; x_wconf 84' lang='lat' dir='ltr'><strong>eirca</strong></span> <span class='ocrx_word' id='word_1_201' title='bbox 1412 1373 1445 1397; x_wconf 89' lang='lat' dir='ltr'><strong>a.</strong></span> <span class='ocrx_word' id='word_1_202' title='bbox 1465 1373 1504 1405; x_wconf 88' lang='lat' dir='ltr'><strong>p.</strong></span> <span class='ocrx_word' id='word_1_203' title='bbox 1531 1362 1613 1397; x_wconf 84' lang='lat' dir='ltr'><strong>Chr.</strong></span> <span class='ocrx_word' id='word_1_204' title='bbox 1635 1363 1681 1397; x_wconf 91' lang='grc'><em>27</em></span> <span class='ocrx_word' id='word_1_205' title='bbox 1714 1363 1827 1407; x_wconf 86' lang='lat' dir='ltr'><strong>(anno</strong></span> <span class='ocrx_word' id='word_1_206' title='bbox 1849 1364 1897 1398; x_wconf 90' lang='grc'><strong>26</strong></span> <span class='ocrx_word' id='word_1_207' title='bbox 1926 1368 1969 1398; x_wconf 82' lang='lat' dir='ltr'><strong>ut</strong></span> 
     </span>
     <span class='ocr_line' id='line_1_19' title="bbox 255 1417 1968 1464; baseline 0.002 -13"><span class='ocrx_word' id='word_1_208' title='bbox 255 1421 356 1462; x_wconf 85' lang='lat' dir='ltr'><strong>puto,</strong></span> <span class='ocrx_word' id='word_1_209' title='bbox 381 1417 428 1458; x_wconf 65' lang='lat' dir='ltr'><strong>cll</strong></span> <span class='ocrx_word' id='word_1_210' title='bbox 453 1419 671 1462; x_wconf 80' lang='lat' dir='ltr'><strong>Prosopogr.</strong></span> <span class='ocrx_word' id='word_1_211' title='bbox 694 1419 780 1462; x_wconf 85' lang='lat' dir='ltr'><strong>imp.</strong></span> <span class='ocrx_word' id='word_1_212' title='bbox 803 1417 903 1452; x_wconf 85' lang='lat' dir='ltr'><strong>Rom.</strong></span> <span class='ocrx_word' id='word_1_213' title='bbox 927 1418 968 1451; x_wconf 90' lang='lat' dir='ltr'><strong>II</strong></span> <span class='ocrx_word' id='word_1_214' title='bbox 986 1429 1021 1461; x_wconf 90' lang='lat' dir='ltr'><strong>p.</strong></span> <span class='ocrx_word' id='word_1_215' title='bbox 1038 1419 1104 1452; x_wconf 89' lang='grc'><strong>246</strong></span> <span class='ocrx_word' id='word_1_216' title='bbox 1127 1418 1275 1462; x_wconf 74' lang='grc' dir='ltr'><em>η.ὁ’48).</em></span> <span class='ocrx_word' id='word_1_217' title='bbox 1297 1438 1344 1443; x_wconf 93' lang='grc'><strong>-</strong></span> <span class='ocrx_word' id='word_1_218' title='bbox 1371 1420 1406 1461; x_wconf 88' lang='grc'><strong>2)</strong></span> <span class='ocrx_word' id='word_1_219' title='bbox 1432 1418 1484 1459; x_wconf 79' lang='lat' dir='ltr'><strong>Cf.</strong></span> <span class='ocrx_word' id='word_1_220' title='bbox 1511 1419 1546 1453; x_wconf 91' lang='lat' dir='ltr'><strong>C.</strong></span> <span class='ocrx_word' id='word_1_221' title='bbox 1559 1419 1587 1453; x_wconf 90' lang='lat' dir='ltr'><strong>J.</strong></span> <span class='ocrx_word' id='word_1_222' title='bbox 1600 1419 1640 1454; x_wconf 87' lang='lat' dir='ltr'><strong>L.</strong></span> <span class='ocrx_word' id='word_1_223' title='bbox 1666 1420 1759 1453; x_wconf 86' lang='lat' dir='ltr'><em>VIII</em></span> <span class='ocrx_word' id='word_1_224' title='bbox 1775 1431 1810 1464; x_wconf 92' lang='lat' dir='ltr'><strong>p.</strong></span> <span class='ocrx_word' id='word_1_225' title='bbox 1827 1420 1904 1455; x_wconf 88' lang='grc'><em>424.</em></span> <span class='ocrx_word' id='word_1_226' title='bbox 1921 1439 1968 1446; x_wconf 94' lang='grc'>-</span> 
     </span>
     <span class='ocr_line' id='line_1_20' title="bbox 258 1474 1284 1518; baseline 0.001 -9"><span class='ocrx_word' id='word_1_227' title='bbox 258 1475 291 1517; x_wconf 88' lang='grc'><strong>3)</strong></span> <span class='ocrx_word' id='word_1_228' title='bbox 318 1474 372 1515; x_wconf 80' lang='lat' dir='ltr'><strong>Cf.</strong></span> <span class='ocrx_word' id='word_1_229' title='bbox 397 1476 445 1508; x_wconf 87' lang='lat' dir='ltr'><strong>ib.</strong></span> <span class='ocrx_word' id='word_1_230' title='bbox 468 1486 504 1518; x_wconf 90' lang='lat' dir='ltr'><strong>p.</strong></span> <span class='ocrx_word' id='word_1_231' title='bbox 521 1475 573 1509; x_wconf 89' lang='lat'><strong>97.</strong></span> <span class='ocrx_word' id='word_1_232' title='bbox 597 1493 643 1500; x_wconf 92' lang='lat'>—</span> <span class='ocrx_word' id='word_1_233' title='bbox 667 1476 702 1518; x_wconf 88' lang='grc'><strong>4)</strong></span> <span class='ocrx_word' id='word_1_234' title='bbox 724 1476 769 1509; x_wconf 92' lang='lat' dir='ltr'><strong>A.</strong></span> <span class='ocrx_word' id='word_1_235' title='bbox 784 1486 819 1518; x_wconf 89' lang='lat' dir='ltr'><strong>p.</strong></span> <span class='ocrx_word' id='word_1_236' title='bbox 838 1474 918 1509; x_wconf 80' lang='lat' dir='ltr'><strong>Chr.</strong></span> <span class='ocrx_word' id='word_1_237' title='bbox 935 1475 990 1510; x_wconf 90' lang='grc'><strong>27.</strong></span> <span class='ocrx_word' id='word_1_238' title='bbox 1014 1494 1060 1499; x_wconf 92' lang='lat'><strong>—-</strong></span> <span class='ocrx_word' id='word_1_239' title='bbox 1085 1477 1119 1518; x_wconf 86' lang='lat'><strong>5)</strong></span> <span class='ocrx_word' id='word_1_240' title='bbox 1142 1475 1284 1518; x_wconf 82' lang='lat' dir='ltr'><strong>Legati.</strong></span> 
     </span>
    </p>

    <p class='ocr_par' dir='ltr' id='par_1_6' title="bbox 255 1531 1968 1746">
     <span class='ocr_line' id='line_1_21' title="bbox 369 1531 1968 1574; baseline 0.003 -10"><span class='ocrx_word' id='word_1_241' title='bbox 369 1531 522 1564; x_wconf 77' lang='lat' dir='ltr'><strong>Tabulas</strong></span> <span class='ocrx_word' id='word_1_242' title='bbox 547 1533 611 1564; x_wconf 82' lang='lat' dir='ltr'><strong>has</strong></span> <span class='ocrx_word' id='word_1_243' title='bbox 635 1534 785 1574; x_wconf 86' lang='lat' dir='ltr'><strong>apparet</strong></span> <span class='ocrx_word' id='word_1_244' title='bbox 807 1542 882 1565; x_wconf 81' lang='lat' dir='ltr'><strong>una</strong></span> <span class='ocrx_word' id='word_1_245' title='bbox 906 1532 992 1565; x_wconf 83' lang='lat' dir='ltr'><strong>olim</strong></span> <span class='ocrx_word' id='word_1_246' title='bbox 1016 1532 1224 1566; x_wconf 62' lang='lat' dir='ltr'><strong>adam-vatus</strong></span> <span class='ocrx_word' id='word_1_247' title='bbox 1246 1531 1361 1572; x_wconf 75' lang='lat' dir='ltr'><strong>fuisse</strong></span> <span class='ocrx_word' id='word_1_248' title='bbox 1376 1533 1416 1564; x_wconf 84' lang='lat' dir='ltr'><strong>in</strong></span> <span class='ocrx_word' id='word_1_249' title='bbox 1439 1531 1526 1566; x_wconf 85' lang='lat' dir='ltr'><strong>villa</strong></span> <span class='ocrx_word' id='word_1_250' title='bbox 1550 1531 1637 1566; x_wconf 86' lang='lat' dir='ltr'><strong>Silii</strong></span> <span class='ocrx_word' id='word_1_251' title='bbox 1651 1534 1814 1568; x_wconf 81' lang='lat' dir='ltr'><strong>Aviolae.</strong></span> <span class='ocrx_word' id='word_1_252' title='bbox 1859 1534 1968 1569; x_wconf 77' lang='lat' dir='ltr'><strong>Simi-</strong></span> 
     </span>
     <span class='ocr_line' id='line_1_22' title="bbox 256 1588 1968 1634; baseline 0.004 -14"><span class='ocrx_word' id='word_1_253' title='bbox 256 1588 339 1621; x_wconf 77' lang='lat' dir='ltr'><strong>liter</strong></span> <span class='ocrx_word' id='word_1_254' title='bbox 368 1599 414 1621; x_wconf 74' lang='lat' dir='ltr'><strong>ete</strong></span> <span class='ocrx_word' id='word_1_255' title='bbox 443 1588 636 1622; x_wconf 77' lang='lat' dir='ltr'><strong>ruderibus</strong></span> <span class='ocrx_word' id='word_1_256' title='bbox 667 1589 855 1622; x_wconf 86' lang='lat' dir='ltr'><strong>domorum</strong></span> <span class='ocrx_word' id='word_1_257' title='bbox 885 1588 941 1622; x_wconf 84' lang='lat' dir='ltr'><strong>vel</strong></span> <span class='ocrx_word' id='word_1_258' title='bbox 968 1588 1138 1622; x_wconf 85' lang='lat' dir='ltr'><strong>villarum</strong></span> <span class='ocrx_word' id='word_1_259' title='bbox 1166 1589 1384 1632; x_wconf 85' lang='lat' dir='ltr'><strong>prodierunt</strong></span> <span class='ocrx_word' id='word_1_260' title='bbox 1414 1589 1557 1622; x_wconf 85' lang='lat' dir='ltr'><strong>tabulae</strong></span> <span class='ocrx_word' id='word_1_261' title='bbox 1587 1599 1662 1623; x_wconf 82' lang='lat' dir='ltr'><strong>una</strong></span> <span class='ocrx_word' id='word_1_262' title='bbox 1693 1600 1773 1624; x_wconf 82' lang='lat' dir='ltr'><strong>eum</strong></span> <span class='ocrx_word' id='word_1_263' title='bbox 1799 1592 1968 1634; x_wconf 72' lang='lat' dir='ltr'><strong>pluribus</strong></span> 
     </span>
     <span class='ocr_line' id='line_1_23' title="bbox 256 1643 1968 1688; baseline 0.003 -11"><span class='ocrx_word' id='word_1_264' title='bbox 256 1645 339 1678; x_wconf 74' lang='lat' dir='ltr'><strong>aliis</strong></span> <span class='ocrx_word' id='word_1_265' title='bbox 363 1645 412 1678; x_wconf 85' lang='lat' dir='ltr'><strong>ad</strong></span> <span class='ocrx_word' id='word_1_266' title='bbox 435 1645 583 1678; x_wconf 83' lang='lat' dir='ltr'><strong>eundem</strong></span> <span class='ocrx_word' id='word_1_267' title='bbox 607 1647 725 1678; x_wconf 85' lang='lat' dir='ltr'><strong>virum</strong></span> <span class='ocrx_word' id='word_1_268' title='bbox 747 1646 1008 1688; x_wconf 76' lang='lat' dir='ltr'><strong>pertinentibus</strong></span> <span class='ocrx_word' id='word_1_269' title='bbox 1031 1647 1194 1688; x_wconf 82' lang='lat' dir='ltr'><strong>repertae</strong></span> <span class='ocrx_word' id='word_1_270' title='bbox 1219 1643 1266 1679; x_wconf 90' lang='grc' dir='ltr'><strong>Ν.</strong></span> <span class='ocrx_word' id='word_1_271' title='bbox 1290 1645 1384 1679; x_wconf 90' lang='grc'><em>6444.</em></span> <span class='ocrx_word' id='word_1_272' title='bbox 1408 1645 1501 1680; x_wconf 90' lang='grc'><em>6447.</em></span> <span class='ocrx_word' id='word_1_273' title='bbox 1553 1643 1686 1680; x_wconf 75' lang='lat' dir='ltr'><strong>Contra</strong></span> <span class='ocrx_word' id='word_1_274' title='bbox 1707 1658 1754 1680; x_wconf 73' lang='lat' dir='ltr'><strong>ex</strong></span> <span class='ocrx_word' id='word_1_275' title='bbox 1776 1647 1968 1682; x_wconf 72' lang='lat' dir='ltr'><strong>tabulariis</strong></span> 
     </span>
     <span class='ocr_line' id='line_1_24' title="bbox 255 1702 1966 1746; baseline 0.004 -13"><span class='ocrx_word' id='word_1_276' title='bbox 255 1702 531 1745; x_wconf 74' lang='lat' dir='ltr'><strong>municipalibus</strong></span> <span class='ocrx_word' id='word_1_277' title='bbox 555 1706 588 1735; x_wconf 87' lang='lat' dir='ltr'><strong>et</strong></span> <span class='ocrx_word' id='word_1_278' title='bbox 607 1703 701 1735; x_wconf 82' lang='lat' dir='ltr'><strong>aliae</strong></span> <span class='ocrx_word' id='word_1_279' title='bbox 723 1702 914 1746; x_wconf 80' lang='lat' dir='ltr'><strong>pleraeque</strong></span> <span class='ocrx_word' id='word_1_280' title='bbox 931 1703 1154 1746; x_wconf 82' lang='lat' dir='ltr'><strong>prodierunt</strong></span> <span class='ocrx_word' id='word_1_281' title='bbox 1176 1705 1211 1735; x_wconf 84' lang='lat' dir='ltr'><strong>et</strong></span> <span class='ocrx_word' id='word_1_282' title='bbox 1231 1703 1458 1745; x_wconf 81' lang='lat' dir='ltr'><strong>potissimum</strong></span> <span class='ocrx_word' id='word_1_283' title='bbox 1474 1703 1670 1736; x_wconf 77' lang='lat' dir='ltr'><strong>Paestanae</strong></span> <span class='ocrx_word' id='word_1_284' title='bbox 1692 1703 1739 1738; x_wconf 89' lang='lat' dir='ltr'><strong>N.</strong></span> <span class='ocrx_word' id='word_1_285' title='bbox 1757 1704 1855 1738; x_wconf 84' lang='grc'><em>6442.</em></span> <span class='ocrx_word' id='word_1_286' title='bbox 1871 1705 1966 1740; x_wconf 83' lang='grc'><em>6444.</em></span> 
     </span>
    </p>
   </div>
   <div class='ocr_carea' id='block_1_6' title="bbox 251 1805 1966 2614">
    <p class='ocr_par' dir='ltr' id='par_1_7' title="bbox 251 1805 1966 2614">
     <span class='ocr_line' id='line_1_25' title="bbox 367 1805 1966 1862; baseline 0.003 -16"><span class='ocrx_word' id='word_1_287' title='bbox 367 1805 478 1851; x_wconf 81' lang='grc'><strong>6101</strong></span> <span class='ocrx_word' id='word_1_288' title='bbox 539 1807 589 1847; x_wconf 90' lang='grc' dir='ltr'><strong>Μ.</strong></span> <span class='ocrx_word' id='word_1_289' title='bbox 611 1807 765 1847; x_wconf 88' lang='lat' dir='ltr'><strong>Licinio</strong></span> <span class='ocrx_word' id='word_1_290' title='bbox 798 1808 936 1848; x_wconf 90' lang='lat' dir='ltr'><strong>Crasso</strong></span> <span class='ocrx_word' id='word_1_291' title='bbox 964 1805 970 1860; x_wconf 94' lang='grc' dir='ltr'>Ι</span> <span class='ocrx_word' id='word_1_292' title='bbox 997 1807 1039 1849; x_wconf 91' lang='lat' dir='ltr'><strong>L.</strong></span> <span class='ocrx_word' id='word_1_293' title='bbox 1062 1807 1273 1859; x_wconf 87' lang='lat' dir='ltr'><strong>Calpurnio</strong></span> <span class='ocrx_word' id='word_1_294' title='bbox 1304 1808 1450 1848; x_wconf 89' lang='lat' dir='ltr'><strong>Pisone</strong></span> <span class='ocrx_word' id='word_1_295' title='bbox 1479 1809 1576 1848; x_wconf 83' lang='lat' dir='ltr'><strong>cos.¹</strong></span> <span class='ocrx_word' id='word_1_296' title='bbox 1603 1806 1610 1862; x_wconf 96' lang='grc' dir='ltr'>Ι</span> <span class='ocrx_word' id='word_1_297' title='bbox 1645 1808 1718 1848; x_wconf 88' lang='lat'>1111</span> <span class='ocrx_word' id='word_1_298' title='bbox 1746 1809 1787 1850; x_wconf 90' lang='lat' dir='ltr'><strong>k.</strong></span> <span class='ocrx_word' id='word_1_299' title='bbox 1815 1810 1933 1851; x_wconf 87' lang='lat' dir='ltr'><strong>Maias</strong></span> <span class='ocrx_word' id='word_1_300' title='bbox 1958 1813 1966 1862; x_wconf 92' lang='grc' dir='ltr'>Ι</span> 
     </span>
     <span class='ocr_line' id='line_1_26' title="bbox 252 1875 1966 1930; baseline 0.002 -14"><span class='ocrx_word' id='word_1_301' title='bbox 252 1875 477 1929; x_wconf 81' lang='lat' dir='ltr'><strong>gentilitas²</strong></span> <span class='ocrx_word' id='word_1_302' title='bbox 507 1876 779 1916; x_wconf 88' lang='lat' dir='ltr'><strong>Desoncorum</strong></span> <span class='ocrx_word' id='word_1_303' title='bbox 811 1889 859 1916; x_wconf 87' lang='lat' dir='ltr'><strong>ex</strong></span> <span class='ocrx_word' id='word_1_304' title='bbox 887 1882 1006 1928; x_wconf 85' lang='lat' dir='ltr'><strong>gente</strong></span> <span class='ocrx_word' id='word_1_305' title='bbox 1038 1875 1266 1915; x_wconf 80' lang='lat' dir='ltr'><strong>Zoelarum³</strong></span> <span class='ocrx_word' id='word_1_306' title='bbox 1291 1875 1298 1930; x_wconf 97' lang='grc' dir='ltr'>Ι</span> <span class='ocrx_word' id='word_1_307' title='bbox 1326 1882 1366 1916; x_wconf 92' lang='lat' dir='ltr'><strong>et</strong></span> <span class='ocrx_word' id='word_1_308' title='bbox 1395 1876 1593 1929; x_wconf 85' lang='lat' dir='ltr'><strong>gentilitas</strong></span> <span class='ocrx_word' id='word_1_309' title='bbox 1615 1876 1887 1918; x_wconf 79' lang='lat' dir='ltr'><strong>Tridiavorum</strong></span> <span class='ocrx_word' id='word_1_310' title='bbox 1917 1891 1966 1919; x_wconf 86' lang='lat' dir='ltr'><strong>ex</strong></span> 
     </span>
     <span class='ocr_line' id='line_1_27' title="bbox 253 1941 1965 2000; baseline 0.002 -16"><span class='ocrx_word' id='word_1_311' title='bbox 253 1950 370 1997; x_wconf 88' lang='lat' dir='ltr'><strong>gente</strong></span> <span class='ocrx_word' id='word_1_312' title='bbox 402 1944 505 1984; x_wconf 89' lang='lat' dir='ltr'><strong>idem</strong></span> <span class='ocrx_word' id='word_1_313' title='bbox 534 1941 540 1999; x_wconf 96' lang='grc' dir='ltr'>Ι</span> <span class='ocrx_word' id='word_1_314' title='bbox 574 1943 783 1985; x_wconf 79' lang='lat' dir='ltr'><strong>Zoelarum</strong></span> <span class='ocrx_word' id='word_1_315' title='bbox 812 1944 1028 1998; x_wconf 88' lang='lat' dir='ltr'><strong>hospitium</strong></span> <span class='ocrx_word' id='word_1_316' title='bbox 1057 1950 1254 1984; x_wconf 86' lang='lat' dir='ltr'><strong>vetustum</strong></span> <span class='ocrx_word' id='word_1_317' title='bbox 1285 1944 1490 1996; x_wconf 87' lang='lat' dir='ltr'><strong>antiquom</strong></span> <span class='ocrx_word' id='word_1_318' title='bbox 1516 1944 1523 2000; x_wconf 90' lang='grc' dir='ltr'>Ι</span> <span class='ocrx_word' id='word_1_319' title='bbox 1558 1952 1869 1996; x_wconf 85' lang='lat' dir='ltr'><strong>renovaverunt,</strong></span> <span class='ocrx_word' id='word_1_320' title='bbox 1909 1947 1965 1987; x_wconf 87' lang='lat' dir='ltr'><strong>ei-</strong></span> 
     </span>
     <span class='ocr_line' id='line_1_28' title="bbox 254 2011 1964 2068; baseline 0.002 -16"><span class='ocrx_word' id='word_1_321' title='bbox 254 2026 331 2065; x_wconf 91' lang='lat' dir='ltr'><strong>que</strong></span> <span class='ocrx_word' id='word_1_322' title='bbox 362 2026 501 2053; x_wconf 88' lang='lat' dir='ltr'><strong>omnes</strong></span> <span class='ocrx_word' id='word_1_323' title='bbox 532 2013 602 2054; x_wconf 87' lang='lat' dir='ltr'><strong>alis</strong></span> <span class='ocrx_word' id='word_1_324' title='bbox 623 2013 742 2053; x_wconf 90' lang='lat' dir='ltr'><strong>alium</strong></span> <span class='ocrx_word' id='word_1_325' title='bbox 773 2013 813 2053; x_wconf 92' lang='lat' dir='ltr'><strong>in</strong></span> <span class='ocrx_word' id='word_1_326' title='bbox 835 2011 965 2068; x_wconf 67' lang='lat' dir='ltr'><strong>fildem</strong></span> <span class='ocrx_word' id='word_1_327' title='bbox 997 2012 1300 2065; x_wconf 86' lang='lat' dir='ltr'><strong>clientelamque</strong></span> <span class='ocrx_word' id='word_1_328' title='bbox 1330 2025 1441 2053; x_wconf 89' lang='lat' dir='ltr'><strong>suam</strong></span> <span class='ocrx_word' id='word_1_329' title='bbox 1462 2025 1706 2066; x_wconf 90' lang='lat' dir='ltr'><strong>suorumque</strong></span> <span class='ocrx_word' id='word_1_330' title='bbox 1735 2013 1964 2066; x_wconf 76' lang='lat' dir='ltr'><strong>liberolrum</strong></span> 
     </span>
     <span class='ocr_line' id='line_1_29' title="bbox 255 2081 1964 2134; baseline 0.002 -14"><span class='ocrx_word' id='word_1_331' title='bbox 255 2087 586 2133; x_wconf 90' lang='lat' dir='ltr'><strong>posterorumque</strong></span> <span class='ocrx_word' id='word_1_332' title='bbox 617 2087 869 2134; x_wconf 87' lang='lat' dir='ltr'><strong>receperunt.</strong></span> <span class='ocrx_word' id='word_1_333' title='bbox 929 2081 1110 2134; x_wconf 86' lang='lat' dir='ltr'><strong>Egerunt</strong></span> <span class='ocrx_word' id='word_1_334' title='bbox 1135 2084 1142 2134; x_wconf 91' lang='grc' dir='ltr'>Ι</span> <span class='ocrx_word' id='word_1_335' title='bbox 1167 2082 1316 2121; x_wconf 86' lang='lat' dir='ltr'><strong>Arausa</strong></span> <span class='ocrx_word' id='word_1_336' title='bbox 1347 2081 1531 2122; x_wconf 89' lang='lat' dir='ltr'><strong>Blecaeni</strong></span> <span class='ocrx_word' id='word_1_337' title='bbox 1561 2086 1600 2122; x_wconf 84' lang='lat' dir='ltr'><strong>et</strong></span> <span class='ocrx_word' id='word_1_338' title='bbox 1629 2081 1797 2123; x_wconf 89' lang='lat' dir='ltr'><strong>Turaius</strong></span> <span class='ocrx_word' id='word_1_339' title='bbox 1821 2082 1964 2132; x_wconf 84' lang='lat' dir='ltr'><strong>Clouti,</strong></span> 
     </span>
     <span class='ocr_line' id='line_1_30' title="bbox 253 2148 1965 2204; baseline 0.002 -16"><span class='ocrx_word' id='word_1_340' title='bbox 253 2148 398 2189; x_wconf 91' lang='lat' dir='ltr'><strong>Docius</strong></span> <span class='ocrx_word' id='word_1_341' title='bbox 429 2148 576 2198; x_wconf 77' lang='lat' dir='ltr'><strong>Blaesi,</strong></span> <span class='ocrx_word' id='word_1_342' title='bbox 603 2148 610 2204; x_wconf 94' lang='grc' dir='ltr'>Ι</span> <span class='ocrx_word' id='word_1_343' title='bbox 646 2149 786 2202; x_wconf 84' lang='lat' dir='ltr'><strong>Magilo</strong></span> <span class='ocrx_word' id='word_1_344' title='bbox 818 2148 963 2197; x_wconf 77' lang='lat' dir='ltr'><strong>Clouti,</strong></span> <span class='ocrx_word' id='word_1_345' title='bbox 1004 2149 1198 2190; x_wconf 88' lang='lat' dir='ltr'><strong>Bodecius</strong></span> <span class='ocrx_word' id='word_1_346' title='bbox 1228 2149 1403 2198; x_wconf 91' lang='lat' dir='ltr'><strong>Burrali‚</strong></span> <span class='ocrx_word' id='word_1_347' title='bbox 1442 2149 1605 2190; x_wconf 89' lang='lat' dir='ltr'><strong>Elaesus</strong></span> <span class='ocrx_word' id='word_1_348' title='bbox 1636 2149 1823 2199; x_wconf 73' lang='lat' dir='ltr'><strong>mummi,</strong></span> <span class='ocrx_word' id='word_1_349' title='bbox 1850 2149 1857 2203; x_wconf 90' lang='grc' dir='ltr'>Ι</span> <span class='ocrx_word' id='word_1_350' title='bbox 1891 2163 1965 2204; x_wconf 90' lang='lat' dir='ltr'><strong>per</strong></span> 
     </span>
     <span class='ocr_line' id='line_1_31' title="bbox 252 2215 1964 2272; baseline 0.001 -15"><span class='ocrx_word' id='word_1_351' title='bbox 252 2215 449 2257; x_wconf 83' lang='lat' dir='ltr'><strong>Abienum</strong></span> <span class='ocrx_word' id='word_1_352' title='bbox 470 2217 612 2257; x_wconf 91' lang='lat' dir='ltr'><strong>Pentili</strong></span> <span class='ocrx_word' id='word_1_353' title='bbox 644 2218 913 2270; x_wconf 85' lang='lat' dir='ltr'><strong>magistratum</strong></span> <span class='ocrx_word' id='word_1_354' title='bbox 935 2218 1155 2258; x_wconf 90' lang='lat' dir='ltr'><strong>Zoelarum.</strong></span> <span class='ocrx_word' id='word_1_355' title='bbox 1181 2215 1187 2272; x_wconf 92' lang='grc' dir='ltr'>Ι</span> <span class='ocrx_word' id='word_1_356' title='bbox 1215 2219 1356 2258; x_wconf 82' lang='lat' dir='ltr'><strong>Actum</strong></span> <span class='ocrx_word' id='word_1_357' title='bbox 1380 2217 1578 2258; x_wconf 85' lang='lat' dir='ltr'><strong>Curunda.</strong></span> <span class='ocrx_word' id='word_1_358' title='bbox 1650 2215 1656 2271; x_wconf 96' lang='grc' dir='ltr'>Ι</span> <span class='ocrx_word' id='word_1_359' title='bbox 1683 2217 1895 2258; x_wconf 87' lang='lat' dir='ltr'><strong>Glabrione</strong></span> <span class='ocrx_word' id='word_1_360' title='bbox 1925 2225 1964 2259; x_wconf 90' lang='lat' dir='ltr'><strong>et</strong></span> 
     </span>
     <span class='ocr_line' id='line_1_32' title="bbox 252 2283 1962 2343; baseline 0.002 -19"><span class='ocrx_word' id='word_1_361' title='bbox 252 2284 438 2325; x_wconf 92' lang='lat' dir='ltr'><strong>Homullo</strong></span> <span class='ocrx_word' id='word_1_362' title='bbox 475 2287 573 2329; x_wconf 57' lang='lat' dir='ltr'><strong>coss*</strong></span> <span class='ocrx_word' id='word_1_363' title='bbox 604 2286 634 2324; x_wconf 94' lang='lat' dir='ltr'>V</span> <span class='ocrx_word' id='word_1_364' title='bbox 665 2286 754 2326; x_wconf 92' lang='lat' dir='ltr'><strong>idus</strong></span> <span class='ocrx_word' id='word_1_365' title='bbox 784 2286 901 2327; x_wconf 91' lang='lat' dir='ltr'><strong>Iulias</strong></span> <span class='ocrx_word' id='word_1_366' title='bbox 935 2285 942 2339; x_wconf 93' lang='grc' dir='ltr'>Ι</span> <span class='ocrx_word' id='word_1_367' title='bbox 976 2286 1080 2326; x_wconf 88' lang='lat' dir='ltr'><strong>idem</strong></span> <span class='ocrx_word' id='word_1_368' title='bbox 1115 2286 1314 2339; x_wconf 86' lang='lat' dir='ltr'><strong>gentilitas</strong></span> <span class='ocrx_word' id='word_1_369' title='bbox 1343 2285 1619 2326; x_wconf 89' lang='lat' dir='ltr'><strong>Desoncorum</strong></span> <span class='ocrx_word' id='word_1_370' title='bbox 1655 2292 1695 2326; x_wconf 89' lang='lat' dir='ltr'><strong>et</strong></span> <span class='ocrx_word' id='word_1_371' title='bbox 1730 2283 1962 2343; x_wconf 67' lang='lat' dir='ltr'><strong>gentilitas!</strong></span> 
     </span>
     <span class='ocr_line' id='line_1_33' title="bbox 252 2352 1963 2409; baseline 0.002 -17"><span class='ocrx_word' id='word_1_372' title='bbox 252 2353 524 2394; x_wconf 89' lang='lat' dir='ltr'><strong>Tridiavorum</strong></span> <span class='ocrx_word' id='word_1_373' title='bbox 562 2354 603 2394; x_wconf 93' lang='lat' dir='ltr'><strong>in</strong></span> <span class='ocrx_word' id='word_1_374' title='bbox 636 2354 801 2394; x_wconf 90' lang='lat' dir='ltr'><strong>eandem</strong></span> <span class='ocrx_word' id='word_1_375' title='bbox 833 2354 1056 2395; x_wconf 87' lang='lat' dir='ltr'><strong>clientelam</strong></span> <span class='ocrx_word' id='word_1_376' title='bbox 1086 2355 1221 2395; x_wconf 88' lang='lat' dir='ltr'><strong>eadem</strong></span> <span class='ocrx_word' id='word_1_377' title='bbox 1261 2352 1267 2409; x_wconf 95' lang='grc' dir='ltr'>Ι</span> <span class='ocrx_word' id='word_1_378' title='bbox 1308 2353 1465 2394; x_wconf 85' lang='lat' dir='ltr'><strong>foedera</strong></span> <span class='ocrx_word' id='word_1_379' title='bbox 1496 2359 1737 2407; x_wconf 89' lang='lat' dir='ltr'><strong>receperunt</strong></span> <span class='ocrx_word' id='word_1_380' title='bbox 1765 2366 1813 2394; x_wconf 84' lang='lat' dir='ltr'><strong>ex</strong></span> <span class='ocrx_word' id='word_1_381' title='bbox 1842 2360 1963 2406; x_wconf 86' lang='lat' dir='ltr'><strong>gente</strong></span> 
     </span>
     <span class='ocr_line' id='line_1_34' title="bbox 251 2420 1960 2477; baseline 0.001 -16"><span class='ocrx_word' id='word_1_382' title='bbox 251 2422 530 2474; x_wconf 82' lang='lat' dir='ltr'><strong>Avolgigorum</strong></span> <span class='ocrx_word' id='word_1_383' title='bbox 557 2421 563 2477; x_wconf 93' lang='grc' dir='ltr'>Ι</span> <span class='ocrx_word' id='word_1_384' title='bbox 591 2423 875 2476; x_wconf 88' lang='lat' dir='ltr'><strong>Sempronium</strong></span> <span class='ocrx_word' id='word_1_385' title='bbox 902 2423 1145 2476; x_wconf 88' lang='lat' dir='ltr'><strong>Perpetuum</strong></span> <span class='ocrx_word' id='word_1_386' title='bbox 1166 2422 1415 2471; x_wconf 84' lang='lat' dir='ltr'><strong>Orniacum⁶‚</strong></span> <span class='ocrx_word' id='word_1_387' title='bbox 1447 2428 1486 2462; x_wconf 87' lang='lat' dir='ltr'><strong>et</strong></span> <span class='ocrx_word' id='word_1_388' title='bbox 1516 2434 1562 2462; x_wconf 85' lang='lat' dir='ltr'><strong>ex</strong></span> <span class='ocrx_word' id='word_1_389' title='bbox 1593 2427 1712 2474; x_wconf 87' lang='lat' dir='ltr'><strong>gente</strong></span> <span class='ocrx_word' id='word_1_390' title='bbox 1737 2420 1743 2476; x_wconf 94' lang='grc' dir='ltr'>Ι</span> <span class='ocrx_word' id='word_1_391' title='bbox 1770 2421 1960 2475; x_wconf 81' lang='lat' dir='ltr'><strong>Visaligo-</strong></span> 
     </span>
     <span class='ocr_line' id='line_1_35' title="bbox 252 2488 1961 2542; baseline 0.001 -13"><span class='ocrx_word' id='word_1_392' title='bbox 252 2502 339 2529; x_wconf 86' lang='lat' dir='ltr'><strong>rum</strong></span> <span class='ocrx_word' id='word_1_393' title='bbox 371 2490 589 2530; x_wconf 89' lang='lat' dir='ltr'><strong>Antonium</strong></span> <span class='ocrx_word' id='word_1_394' title='bbox 620 2491 831 2542; x_wconf 87' lang='lat' dir='ltr'><strong>Arquium‚</strong></span> <span class='ocrx_word' id='word_1_395' title='bbox 872 2498 910 2531; x_wconf 91' lang='lat' dir='ltr'><strong>et</strong></span> <span class='ocrx_word' id='word_1_396' title='bbox 939 2504 987 2531; x_wconf 86' lang='lat' dir='ltr'><strong>ex</strong></span> <span class='ocrx_word' id='word_1_397' title='bbox 1017 2496 1135 2542; x_wconf 85' lang='lat' dir='ltr'><strong>gente</strong></span> <span class='ocrx_word' id='word_1_398' title='bbox 1163 2488 1169 2542; x_wconf 92' lang='grc' dir='ltr'>Ι</span> <span class='ocrx_word' id='word_1_399' title='bbox 1202 2489 1592 2542; x_wconf 84' lang='lat' dir='ltr'><strong>Cabruagenigorum</strong></span> <span class='ocrx_word' id='word_1_400' title='bbox 1624 2489 1798 2530; x_wconf 89' lang='lat' dir='ltr'><strong>Flavium</strong></span> <span class='ocrx_word' id='word_1_401' title='bbox 1829 2490 1961 2530; x_wconf 90' lang='lat' dir='ltr'><strong>Fron-</strong></span> 
     </span>
     <span class='ocr_line' id='line_1_36' title="bbox 252 2555 1959 2614; baseline 0.001 -17"><span class='ocrx_word' id='word_1_402' title='bbox 252 2565 386 2598; x_wconf 88' lang='lat' dir='ltr'><strong>tonem</strong></span> <span class='ocrx_word' id='word_1_403' title='bbox 426 2559 572 2599; x_wconf 87' lang='lat' dir='ltr'><strong>Zoelas.</strong></span> <span class='ocrx_word' id='word_1_404' title='bbox 619 2557 625 2612; x_wconf 94' lang='grc' dir='ltr'>Ι</span> <span class='ocrx_word' id='word_1_405' title='bbox 671 2558 851 2610; x_wconf 85' lang='lat' dir='ltr'><strong>Egerunt</strong></span> <span class='ocrx_word' id='word_1_406' title='bbox 895 2558 902 2613; x_wconf 94' lang='grc' dir='ltr'>Ι</span> <span class='ocrx_word' id='word_1_407' title='bbox 938 2559 982 2599; x_wconf 88' lang='lat' dir='ltr'><strong>L.</strong></span> <span class='ocrx_word' id='word_1_408' title='bbox 1013 2559 1208 2599; x_wconf 88' lang='lat' dir='ltr'><strong>Domitius</strong></span> <span class='ocrx_word' id='word_1_409' title='bbox 1246 2558 1326 2598; x_wconf 93' lang='lat' dir='ltr'><strong>Silo</strong></span> <span class='ocrx_word' id='word_1_410' title='bbox 1374 2555 1443 2613; x_wconf 71' lang='lat' dir='ltr'><strong>et}</strong></span> <span class='ocrx_word' id='word_1_411' title='bbox 1479 2557 1524 2598; x_wconf 89' lang='lat' dir='ltr'><strong>L.</strong></span> <span class='ocrx_word' id='word_1_412' title='bbox 1556 2557 1711 2598; x_wconf 87' lang='lat' dir='ltr'><strong>Flavius</strong></span> <span class='ocrx_word' id='word_1_413' title='bbox 1749 2557 1917 2598; x_wconf 89' lang='lat' dir='ltr'><strong>Severus</strong></span> <span class='ocrx_word' id='word_1_414' title='bbox 1952 2555 1959 2614; x_wconf 94' lang='grc' dir='ltr'>Ι</span> 
     </span>
    </p>
   </div>
   <div class='ocr_carea' id='block_1_7' title="bbox 249 2625 1959 2849">
    <p class='ocr_par' dir='ltr' id='par_1_8' title="bbox 250 2625 467 2666">
     <span class='ocr_line' id='line_1_37' title="bbox 250 2625 467 2666; baseline 0.014 -3"><span class='ocrx_word' id='word_1_415' title='bbox 250 2625 467 2666; x_wconf 86' lang='lat' dir='ltr'><strong>Asturicae.</strong></span> 
     </span>
    </p>

    <p class='ocr_par' dir='ltr' id='par_1_9' title="bbox 249 2688 1959 2849">
     <span class='ocr_line' id='line_1_38' title="bbox 364 2688 1959 2737; baseline 0.001 -13"><span class='ocrx_word' id='word_1_416' title='bbox 364 2692 555 2725; x_wconf 69' lang='lat' dir='ltr'><strong>Astur-icae</strong></span> <span class='ocrx_word' id='word_1_417' title='bbox 576 2697 617 2726; x_wconf 80' lang='lat' dir='ltr'><strong>ut</strong></span> <span class='ocrx_word' id='word_1_418' title='bbox 633 2694 775 2727; x_wconf 84' lang='lat' dir='ltr'><strong>videtur</strong></span> <span class='ocrx_word' id='word_1_419' title='bbox 791 2704 877 2737; x_wconf 73' lang='lat' dir='ltr'><strong>rep„</strong></span> <span class='ocrx_word' id='word_1_420' title='bbox 904 2693 1030 2726; x_wconf 79' lang='lat' dir='ltr'><strong>deinde</strong></span> <span class='ocrx_word' id='word_1_421' title='bbox 1045 2692 1187 2735; x_wconf 82' lang='lat' dir='ltr'><strong>Romae,</strong></span> <span class='ocrx_word' id='word_1_422' title='bbox 1212 2694 1284 2725; x_wconf 82' lang='lat' dir='ltr'><strong>iam</strong></span> <span class='ocrx_word' id='word_1_423' title='bbox 1300 2692 1474 2734; x_wconf 68' lang='lat' dir='ltr'><strong>Ber-otini,</strong></span> <span class='ocrx_word' id='word_1_424' title='bbox 1498 2691 1620 2724; x_wconf 84' lang='lat' dir='ltr'><strong>tabula</strong></span> <span class='ocrx_word' id='word_1_425' title='bbox 1637 2701 1746 2724; x_wconf 84' lang='lat' dir='ltr'><strong>aenea</strong></span> <span class='ocrx_word' id='word_1_426' title='bbox 1765 2688 1959 2733; x_wconf 63' lang='lat' dir='ltr'><strong>fastigiata</strong></span> 
     </span>
     <span class='ocr_line' id='line_1_39' title="bbox 252 2745 1958 2793; baseline 0.001 -14"><span class='ocrx_word' id='word_1_427' title='bbox 252 2747 307 2786; x_wconf 91' lang='lat' dir='ltr'><strong>(II</strong></span> <span class='ocrx_word' id='word_1_428' title='bbox 327 2749 421 2783; x_wconf 89' lang='grc'><em>2655</em></span> <span class='ocrx_word' id='word_1_429' title='bbox 446 2748 491 2788; x_wconf 66' lang='lat' dir='ltr'><strong>cll</strong></span> <span class='ocrx_word' id='word_1_430' title='bbox 518 2750 681 2783; x_wconf 85' lang='lat' dir='ltr'><strong>Huebner</strong></span> <span class='ocrx_word' id='word_1_431' title='bbox 707 2762 762 2784; x_wconf 79' lang='lat' dir='ltr'><strong>eae.</strong></span> <span class='ocrx_word' id='word_1_432' title='bbox 786 2761 855 2784; x_wconf 78' lang='lat' dir='ltr'><strong>scr.</strong></span> <span class='ocrx_word' id='word_1_433' title='bbox 881 2752 994 2793; x_wconf 81' lang='lat' dir='ltr'><strong>epigr.</strong></span> <span class='ocrx_word' id='word_1_434' title='bbox 1018 2761 1054 2783; x_wconf 82' lang='lat' dir='ltr'><strong>n.</strong></span> <span class='ocrx_word' id='word_1_435' title='bbox 1070 2749 1163 2793; x_wconf 80' lang='lat'><strong>874).</strong></span> <span class='ocrx_word' id='word_1_436' title='bbox 1191 2746 1238 2773; x_wconf 44' lang='lat'><strong>‘—-</strong></span> <span class='ocrx_word' id='word_1_437' title='bbox 1273 2749 1304 2791; x_wconf 90' lang='lat'><strong>1)</strong></span> <span class='ocrx_word' id='word_1_438' title='bbox 1328 2749 1372 2782; x_wconf 87' lang='lat' dir='ltr'><strong>A.</strong></span> <span class='ocrx_word' id='word_1_439' title='bbox 1394 2759 1429 2791; x_wconf 90' lang='lat' dir='ltr'><strong>p.</strong></span> <span class='ocrx_word' id='word_1_440' title='bbox 1449 2748 1599 2783; x_wconf 76' lang='lat' dir='ltr'><strong>Chr.27.</strong></span> <span class='ocrx_word' id='word_1_441' title='bbox 1630 2766 1675 2771; x_wconf 98' lang='lat'><strong>—</strong></span> <span class='ocrx_word' id='word_1_442' title='bbox 1707 2747 1743 2789; x_wconf 88' lang='lat'><strong>2)</strong></span> <span class='ocrx_word' id='word_1_443' title='bbox 1769 2745 1822 2786; x_wconf 63' lang='lat' dir='ltr'><strong>Cf:</strong></span> <span class='ocrx_word' id='word_1_444' title='bbox 1846 2758 1958 2791; x_wconf 70' lang='lat' dir='ltr'><strong>supra</strong></span> 
     </span>
     <span class='ocr_line' id='line_1_40' title="bbox 249 2802 1958 2849; baseline 0.001 -13"><span class='ocrx_word' id='word_1_445' title='bbox 249 2803 295 2837; x_wconf 89' lang='lat' dir='ltr'><strong>N.</strong></span> <span class='ocrx_word' id='word_1_446' title='bbox 311 2804 412 2838; x_wconf 88' lang='lat'><strong>5659.</strong></span> <span class='ocrx_word' id='word_1_447' title='bbox 437 2824 482 2828; x_wconf 89' lang='lat'>—</span> <span class='ocrx_word' id='word_1_448' title='bbox 507 2807 541 2847; x_wconf 87' lang='lat'><strong>3)</strong></span> <span class='ocrx_word' id='word_1_449' title='bbox 567 2805 621 2845; x_wconf 78' lang='lat' dir='ltr'><strong>Cf.</strong></span> <span class='ocrx_word' id='word_1_450' title='bbox 648 2807 740 2841; x_wconf 84' lang='lat' dir='ltr'><strong>Plin.</strong></span> <span class='ocrx_word' id='word_1_451' title='bbox 763 2808 796 2840; x_wconf 88' lang='grc' dir='ltr'><em>Ιι.</em></span> <span class='ocrx_word' id='word_1_452' title='bbox 812 2818 849 2840; x_wconf 83' lang='lat' dir='ltr'><strong>n.</strong></span> <span class='ocrx_word' id='word_1_453' title='bbox 871 2807 906 2849; x_wconf 87' lang='lat'><strong>5,</strong></span> <span class='ocrx_word' id='word_1_454' title='bbox 924 2806 989 2846; x_wconf 79' lang='lat'><strong><em>28,·</em></strong></span> <span class='ocrx_word' id='word_1_455' title='bbox 1027 2806 1192 2838; x_wconf 79' lang='lat' dir='ltr'><strong>Huebner</strong></span> <span class='ocrx_word' id='word_1_456' title='bbox 1218 2805 1251 2838; x_wconf 84' lang='lat'><strong>0.</strong></span> <span class='ocrx_word' id='word_1_457' title='bbox 1273 2805 1300 2839; x_wconf 91' lang='lat' dir='ltr'><strong>I.</strong></span> <span class='ocrx_word' id='word_1_458' title='bbox 1319 2804 1360 2839; x_wconf 90' lang='lat' dir='ltr'><strong>L.</strong></span> <span class='ocrx_word' id='word_1_459' title='bbox 1384 2804 1425 2838; x_wconf 91' lang='lat' dir='ltr'><strong>II</strong></span> <span class='ocrx_word' id='word_1_460' title='bbox 1441 2815 1477 2848; x_wconf 88' lang='lat' dir='ltr'><strong>p.</strong></span> <span class='ocrx_word' id='word_1_461' title='bbox 1498 2805 1580 2838; x_wconf 85' lang='lat'><strong>565.</strong></span> <span class='ocrx_word' id='word_1_462' title='bbox 1609 2821 1654 2827; x_wconf 95' lang='lat'>—</span> <span class='ocrx_word' id='word_1_463' title='bbox 1690 2804 1725 2843; x_wconf 84' lang='grc'><em>4)</em></span> <span class='ocrx_word' id='word_1_464' title='bbox 1749 2803 1793 2837; x_wconf 91' lang='lat' dir='ltr'><strong>A.</strong></span> <span class='ocrx_word' id='word_1_465' title='bbox 1810 2802 1889 2838; x_wconf 72' lang='lat'><strong>432.</strong></span> <span class='ocrx_word' id='word_1_466' title='bbox 1913 2822 1958 2828; x_wconf 93' lang='lat'><strong>—</strong></span> 
     </span>
    </p>
   </div>
   <div class='ocr_carea' id='block_1_8' title="bbox 252 2860 1595 2957">
    <p class='ocr_par' dir='ltr' id='par_1_10' title="bbox 252 2860 1595 2957">
     <span class='ocr_line' id='line_1_41' title="bbox 252 2860 1129 2906; baseline 0.008 -14"><span class='ocrx_word' id='word_1_467' title='bbox 252 2862 284 2901; x_wconf 87' lang='grc'><strong>5)</strong></span> <span class='ocrx_word' id='word_1_468' title='bbox 310 2860 364 2899; x_wconf 77' lang='lat' dir='ltr'><strong>Gt:</strong></span> <span class='ocrx_word' id='word_1_469' title='bbox 389 2862 476 2895; x_wconf 83' lang='lat' dir='ltr'><strong>Ptol.</strong></span> <span class='ocrx_word' id='word_1_470' title='bbox 498 2872 624 2905; x_wconf 83' lang='lat' dir='ltr'><strong>geogr.</strong></span> <span class='ocrx_word' id='word_1_471' title='bbox 649 2863 685 2904; x_wconf 86' lang='grc'><em>2,</em></span> <span class='ocrx_word' id='word_1_472' title='bbox 706 2864 737 2906; x_wconf 89' lang='grc'><em>6,</em></span> <span class='ocrx_word' id='word_1_473' title='bbox 759 2864 820 2898; x_wconf 83' lang='grc'><strong>55.</strong></span> <span class='ocrx_word' id='word_1_474' title='bbox 1126 2902 1129 2906; x_wconf 56' lang='grc'>,</span> 
     </span>
     <span class='ocr_line' id='line_1_42' title="bbox 363 2916 1595 2957; baseline 0 -8"><span class='ocrx_word' id='word_1_475' title='bbox 363 2918 416 2949; x_wconf 89' lang='lat' dir='ltr'><strong>De</strong></span> <span class='ocrx_word' id='word_1_476' title='bbox 442 2920 507 2951; x_wconf 79' lang='lat' dir='ltr'><strong>hac</strong></span> <span class='ocrx_word' id='word_1_477' title='bbox 532 2921 651 2953; x_wconf 88' lang='lat' dir='ltr'><strong>tabula</strong></span> <span class='ocrx_word' id='word_1_478' title='bbox 679 2920 776 2952; x_wconf 77' lang='lat' dir='ltr'><strong>dixit</strong></span> <span class='ocrx_word' id='word_1_479' title='bbox 798 2919 991 2953; x_wconf 76' lang='lat' dir='ltr'><strong>Mommsen</strong></span> <span class='ocrx_word' id='word_1_480' title='bbox 1015 2930 1122 2954; x_wconf 88' lang='lat' dir='ltr'><strong>roem.</strong></span> <span class='ocrx_word' id='word_1_481' title='bbox 1146 2919 1295 2952; x_wconf 68' lang='lat' dir='ltr'><strong>For-wli.</strong></span> <span class='ocrx_word' id='word_1_482' title='bbox 1320 2919 1351 2957; x_wconf 93' lang='grc'><em>4,</em></span> <span class='ocrx_word' id='word_1_483' title='bbox 1376 2918 1447 2952; x_wconf 86' lang='grc'><em>529</em></span> <span class='ocrx_word' id='word_1_484' title='bbox 1469 2918 1543 2950; x_wconf 82' lang='lat' dir='ltr'><strong>not.</strong></span> <span class='ocrx_word' id='word_1_485' title='bbox 1560 2916 1595 2949; x_wconf 72' lang='grc' dir='ltr'><strong>ὅ.</strong></span> 
     </span>
    </p>
   </div>
   <div class='ocr_carea' id='block_1_9' title="bbox 254 2975 453 2981">
    <p class='ocr_par' dir='ltr' id='par_1_11' title="bbox 254 2975 453 2981">
     <span class='ocr_line' id='line_1_43' title="bbox 254 2975 453 2981; baseline 0 0"><span class='ocrx_word' id='word_1_486' title='bbox 254 2975 453 2981; x_wconf 95' lang='lat' dir='ltr'><strong> </strong></span> 
     </span>
    </p>
   </div>
   <div class='ocr_carea' id='block_1_10' title="bbox 253 3007 1957 3132">
    <p class='ocr_par' dir='ltr' id='par_1_12' title="bbox 253 3007 1957 3132">
     <span class='ocr_line' id='line_1_44' title="bbox 364 3007 1957 3066; baseline -0.002 -13"><span class='ocrx_word' id='word_1_487' title='bbox 364 3007 480 3054; x_wconf 74' lang='grc'><em>6102</em></span> <span class='ocrx_word' id='word_1_488' title='bbox 538 3011 579 3051; x_wconf 86' lang='lat' dir='ltr'><strong>C.</strong></span> <span class='ocrx_word' id='word_1_489' title='bbox 610 3011 805 3051; x_wconf 88' lang='lat' dir='ltr'><strong>Laecanio</strong></span> <span class='ocrx_word' id='word_1_490' title='bbox 835 3012 968 3061; x_wconf 79' lang='lat' dir='ltr'><strong>Basso,</strong></span> <span class='ocrx_word' id='word_1_491' title='bbox 998 3011 1002 3066; x_wconf 94' lang='grc' dir='ltr'>Ι</span> <span class='ocrx_word' id='word_1_492' title='bbox 1038 3013 1085 3059; x_wconf 89' lang='lat' dir='ltr'><strong>Q.</strong></span> <span class='ocrx_word' id='word_1_493' title='bbox 1116 3011 1304 3052; x_wconf 88' lang='lat' dir='ltr'><strong>Terentio</strong></span> <span class='ocrx_word' id='word_1_494' title='bbox 1336 3007 1534 3064; x_wconf 70' lang='lat' dir='ltr'><strong>Culleolne</strong></span> <span class='ocrx_word' id='word_1_495' title='bbox 1567 3009 1661 3049; x_wconf 89' lang='lat' dir='ltr'><strong>cos.¹</strong></span> <span class='ocrx_word' id='word_1_496' title='bbox 1689 3007 1695 3062; x_wconf 96' lang='grc' dir='ltr'>Ι</span> <span class='ocrx_word' id='word_1_497' title='bbox 1723 3008 1957 3050; x_wconf 87' lang='lat' dir='ltr'><strong>Clunienses</strong></span> 
     </span>
     <span class='ocr_line' id='line_1_45' title="bbox 253 3074 1954 3132; baseline 0.002 -18"><span class='ocrx_word' id='word_1_498' title='bbox 253 3088 299 3114; x_wconf 89' lang='lat' dir='ltr'><strong>ex</strong></span> <span class='ocrx_word' id='word_1_499' title='bbox 320 3076 506 3128; x_wconf 87' lang='lat' dir='ltr'><strong>Hispania</strong></span> <span class='ocrx_word' id='word_1_500' title='bbox 543 3076 548 3130; x_wconf 96' lang='grc' dir='ltr'>Ι</span> <span class='ocrx_word' id='word_1_501' title='bbox 584 3079 767 3119; x_wconf 88' lang='lat' dir='ltr'><strong>citeriore</strong></span> <span class='ocrx_word' id='word_1_502' title='bbox 798 3079 1012 3132; x_wconf 88' lang='lat' dir='ltr'><strong>hospitium</strong></span> <span class='ocrx_word' id='word_1_503' title='bbox 1043 3076 1236 3129; x_wconf 76' lang='lat' dir='ltr'><strong>selcerunt</strong></span> <span class='ocrx_word' id='word_1_504' title='bbox 1266 3090 1357 3118; x_wconf 91' lang='lat' dir='ltr'><strong>cum</strong></span> <span class='ocrx_word' id='word_1_505' title='bbox 1387 3076 1428 3119; x_wconf 88' lang='lat' dir='ltr'><strong>C.</strong></span> <span class='ocrx_word' id='word_1_506' title='bbox 1459 3077 1646 3118; x_wconf 84' lang='lat' dir='ltr'><strong>Terentio</strong></span> <span class='ocrx_word' id='word_1_507' title='bbox 1675 3074 1682 3131; x_wconf 94' lang='grc' dir='ltr'>Ι</span> <span class='ocrx_word' id='word_1_508' title='bbox 1708 3077 1828 3118; x_wconf 91' lang='lat' dir='ltr'><strong>Basso</strong></span> <span class='ocrx_word' id='word_1_509' title='bbox 1860 3077 1902 3119; x_wconf 90' lang='lat' dir='ltr'><strong>C.</strong></span> <span class='ocrx_word' id='word_1_510' title='bbox 1926 3077 1954 3117; x_wconf 84' lang='lat' dir='ltr'><strong>f.</strong></span> 
     </span>
    </p>
   </div>
  </div>
 </body>
</html>
