2092 3360
562 137 679 174 Tituli
703 148 853 185 operum
877 138 1112 185 locorumque
1135 140 1377 186 publicorum.
1403 161 1447 168 —
1479 141 1645 179 statuae.
1802 143 1886 182 375

176 252 279 294 Flavi
307 250 314 308 Ι
341 253 469 294 Soson
502 254 771 307 eglianorum¹
814 252 821 310 Ι
862 267 980 296 cenas
1010 255 1190 308 publicas
1219 257 1394 298 decrevit
1427 254 1435 313 Ι
1471 264 1511 298 et
1540 257 1694 305 locum,
1734 258 1774 298 in
1808 271 1888 312 quo

174 318 334 376 staltuas
363 321 438 362 sibi
472 323 586 363 uxori
616 322 792 376 liberisq.
819 320 826 378 Ι
861 330 1051 377 poneret;
1087 324 1176 365 loco
1205 325 1409 378 adsignato
1446 323 1452 379 Ι
1487 325 1695 379 ponendas
1724 327 1888 367 curavit.

294 388 492 423 Alcaudele
515 391 555 423 in
578 390 725 425 Baetica
740 390 796 435 (Η
804 390 889 425 4724
903 391 958 424 bis
970 390 1149 434 descripta
1161 402 1254 426 saec.
1265 392 1379 437 XVI).
1391 411 1438 418 —-
1453 394 1485 435 1)
1499 392 1561 427 Sic
1574 392 1647 437 (vel
1657 402 1763 428 soson
1777 394 1888 437 egria-

176 447 310 488 norum)
333 446 488 480 alterum
511 448 773 491 apographum,
789 446 882 481 srava
904 447 911 491 Ι
931 458 1035 482 soson
1060 448 1280 491 ligitanomm
1303 449 1468 483 alterum.
1505 449 1643 484 Nomen
1667 453 1888 494 corruptum.

290 523 404 571 5493
453 526 500 574 Q.
532 526 740 568 Memmius
771 527 905 581 Optati
938 530 964 569 f.
998 528 1005 584 Ι
1041 529 1206 577 Quirina
1237 529 1358 582 Niger
1390 530 1399 585 Ι
1434 537 1582 571 statuas
1612 532 1709 572 duas
1739 544 1887 579 aereas,

175 606 296 634 unam
328 595 502 636 nominis
532 595 614 644 sui,
642 595 649 648 Ι
689 596 849 637 alteram
882 598 1025 650 patris,
1064 597 1160 650 poni
1193 597 1317 638 iussit.
1360 595 1367 651 Ι
1407 598 1448 638 C.
1479 598 1688 640 Memmius
1719 599 1888 641 Severus

175 663 292 703 heres
317 662 324 718 Ι
351 662 437 703 solo
467 676 541 704 suo
571 664 679 704 fecit.

290 739 426 787 5498‘*
471 742 511 784 C.
533 743 740 784 Memmius
760 744 893 797 Optati
914 745 941 785 f.
969 742 975 800 Ι
1002 744 1168 792 Quirina
1189 745 1358 786 Severus
1384 743 1390 799 Ι
1416 751 1563 786 statuas
1593 747 1690 787 duas
1719 758 1854 787 aereas
1882 745 1889 801 Ι

174 823 294 851 unam
327 811 503 851 nominis
532 811 608 860 sui,
636 809 642 866 Ι
669 812 830 852 alteram
861 812 915 852 fili
945 813 1028 859 sui,
1055 811 1061 866 Ι
1087 813 1185 866 poni
1216 812 1343 855 iussit.
1371 812 1376 863 Ι
1415 813 1456 854 C.
1487 814 1695 855 Memmius
1724 814 1851 856 Rufus
1878 811 1885 869 Ι

174 878 289 919 heres
319 879 426 920 fecit.

288 946 421 989 Estepa
445 948 485 979 in
507 945 673 987 Baetica,
705 947 769 980 ubi
791 946 935 980 videtur
961 946 1074 987 fuisse
1099 946 1247 991 Ostippo
1279 947 1335 988 (ΙΙ
1353 947 1450 982 4459.
1474 948 1557 982 4460
1584 949 1678 982 vidit
1701 949 1888 991 {laecum-,-

172 1003 311 1045 prioris
335 1003 435 1036 tituli
458 1003 530 1036 duo
553 1003 727 1036 dicuntur
750 1004 911 1037 extitisse
933 1003 1124 1047 exempla).

287 1092 400 1140 5494
447 1095 492 1135 L.
514 1094 707 1136 Sisennae
733 1095 777 1135 L.
800 1095 853 1136 fil.
874 1095 1004 1148 Papir.
1032 1094 1038 1150 Ι
1064 1096 1198 1149 Basso,
1230 1097 1299 1148 qui
1330 1110 1378 1137 ex
1408 1095 1550 1152 rediltu
1574 1088 1764 1139 ssffi
1793 1098 1888 1146 mil..

172 1175 275 1216 quae
303 1161 554 1226 tesltamgnto
585 1163 643 1203 rei
673 1163 785 1216 publ.
819 1162 825 1218 Ι
860 1163 987 1212 dedit,
1026 1164 1196 1217 septimo
1228 1161 1401 1220 quelque
1431 1178 1539 1207 anno
1571 1173 1738 1207 statuam
1773 1166 1780 1219 Ι
1812 1166 1887 1208 sibi

172 1231 269 1284 poni
302 1244 350 1271 ex
372 1229 501 1271 {8111
524 1230 583 1272 CC
619 1230 625 1284 Ι
660 1245 701 1272 n.
733 1238 772 1272 et
801 1232 1041 1285 epulationis
1077 1228 1253 1287 nolmine
1284 1233 1568 1274 decurionibus
1602 1231 1609 1289 Ι
1643 1241 1766 1287 sport.
1802 1234 1838 1274 Χ
1856 1235 1888 1271 V

171 1307 211 1340 et
230 1299 425 1340 curialib.¹
453 1296 460 1354 Ι
489 1298 526 1340 Χ
545 1311 764 1351 sexagenos
785 1299 834 1339 VI
854 1299 893 1339 k.
915 1300 1002 1340 Mai.
1031 1298 1037 1354 Ι
1063 1300 1126 1341 die
1148 1300 1267 1340 natali
1288 1314 1361 1342 suo
1382 1299 1585 1357 praesltari
1605 1303 1731 1344 iussit.
1782 1303 1828 1343 D.
1850 1304 1887 1343 d.

284 1365 435 1411 Djugdr
457 1368 497 1400 in
520 1365 673 1410 Africa,
700 1368 764 1400 ubi
785 1365 861 1407 fuit
883 1369 1011 1400 civitas
1033 1367 1324 1410 lucc-harimnu,
1348 1370 1424 1402 iam
1446 1370 1599 1403 Parisiis
1622 1369 1733 1413 (VIII
1749 1371 1817 1404 924
1840 1387 1887 1400 ει.

169 1422 278 1457 44204
302 1423 472 1457 viderunt
492 1423 696 1458 Wlmanm
712 1427 748 1457 et
762 1422 1001 1467 Hirschfeld).
1024 1443 1071 1449 ——
1096 1425 1130 1467 1)
1154 1424 1423 1467 Significantur
1446 1426 1670 1459 eonem-iales
1695 1425 1869 1460 Sisennae
1875 1439 1890 1468 ,-

170 1481 301 1523 qm‘bus
323 1482 480 1514 maiores
502 1480 685 1524 sportulas
710 1482 824 1514 tribui
847 1492 955 1524 quam
979 1482 1233 1515 decurionibus
1254 1492 1328 1515 non
1350 1484 1483 1515 mirum
1507 1481 1702 1527 (Momms.)

285 1560 398 1606 5495
448 1563 496 1610 Q.
522 1563 622 1603 lulio
649 1562 655 1618 Ι
682 1564 884 1604 Servando
911 1563 916 1618 Ι
952 1563 1134 1603 llllllvir.
1164 1567 1264 1615 Aug.
1292 1562 1298 1619 Ι
1325 1576 1359 1604 c.
1391 1564 1420 1606 l.
1449 1577 1490 1616 p.
1522 1564 1562 1604 C.
1594 1565 1641 1604 N.
1672 1565 1752 1614 MA,
1780 1564 1787 1618 Ι
1820 1566 1886 1605 Li-

170 1629 275 1669 cinia
290 1629 416 1671 Pallas
442 1628 448 1685 Ι
474 1630 616 1671 marito
638 1631 802 1685 optimo,
829 1629 835 1687 Ι
862 1632 994 1672 inlatis
1014 1644 1129 1672 arcae
1156 1629 1162 1686 Ι
1188 1631 1371 1672 IIIIIIvir.
1394 1630 1445 1671 ob
1467 1631 1674 1672 tuitionem
1701 1632 1708 1687 Ι
1735 1639 1885 1674 statuae

171 1695 240 1738 RS
268 1699 310 1738 fi.
340 1713 402 1738 σο.
429 1696 436 1753 Ι
461 1698 508 1739 L.
538 1698 575 1739 d.
608 1699 646 1739 d.
677 1699 879 1740 lulum-‚²

286 1763 457 1798 Narbone
487 1765 576 1806 (XII
595 1767 684 1800 4597
715 1766 807 1800 vidie
830 1765 1066 1812 Hirschfeld).
1101 1785 1147 1792 —-
1183 1768 1215 1809 1)
1249 1766 1398 1801 Colonia
1429 1766 1524 1800 Iulia
1552 1769 1707 1811 paterna
1734 1767 1885 1802 Claudia

173 1820 345 1855 Narbone
370 1821 517 1856 Martio.
539 1841 587 1848 -
611 1824 646 1864 2)
671 1823 789 1857 Locus
812 1824 919 1857 datm
942 1825 1084 1857 decreto
1108 1825 1278 1857 sevirum.

286 1900 400 1946 5496
439 1903 638 1944 Postumia
660 1905 711 1944 M.
735 1905 762 1944 f.
789 1903 795 1957 Ι
822 1905 998 1944 Aciliaua
1018 1905 1144 1944 Baxo¹
1171 1904 1177 1959 Ι
1205 1905 1303 1957 poni
1333 1910 1500 1944 statuam
1531 1905 1606 1944 sibi
1636 1904 1885 1961 testamenflto

172 1970 286 2011 iussit
317 1983 364 2011 ex
394 1970 460 2010 HS
480 1970 593 2011 vnl²
623 1985 679 2020 n.‚
713 1972 807 2012 item
839 1979 1072 2012 ornamenta
1103 1968 1452 2026 septentriolnem³
1491 1972 1674 2025 cylindr.⁴
1708 1972 1885 2014 XXXXII

172 2037 314 2091 marg.⁸
339 2035 345 2090 Ι
371 2037 462 2086 VII,
491 2038 584 2078 item
614 2039 760 2080 lineam
792 2039 1061 2093 cylindrorum
1089 2039 1095 2094 Ι
1122 2039 1249 2089 XXII,
1280 2039 1375 2079 item
1405 2040 1499 2079 fasc.
1530 2040 1696 2093 cylindr.
1727 2041 1850 2082 LXIII
1877 2039 1884 2097 Ι

173 2117 297 2159 marg.
329 2104 380 2153 C,
424 2106 517 2146 item
548 2107 693 2147 lineam
725 2119 808 2160 arg.
843 2107 849 2162 Ι
884 2120 1008 2160 marg.
1038 2107 1122 2147 XII.
1182 2108 1224 2151 L.
1258 2107 1353 2147 Fab.
1385 2105 1610 2163 Superlstes
1643 2109 1747 2150 filius
1775 2110 1886 2151 dedi-

172 2175 272 2214 cavit
298 2173 304 2229 Ι
331 2174 514 2227 inpositis
533 2175 707 2228 spataliis
727 2188 808 2228 arg.
837 2174 842 2230 Ι
867 2176 1073 2229 gemmatis
1102 2188 1272 2228 exsuper
1291 2176 1377 2216 eius
1402 2174 1408 2230 Ι
1434 2188 1611 2217 summae
1631 2190 1663 2218 s.
1684 2191 1731 2226 s.‚
1757 2175 1765 2233 Ι
1790 2178 1885 2219 item

172 2243 366 2283 annulum
393 2241 399 2296 Ι
426 2242 492 2283 HS
525 2242 591 2282 Vll
622 2256 662 2283 n.
693 2255 847 2296 gemma
878 2240 1052 2298 iaslpide.

286 2310 329 2343 In
352 2309 502 2343 Baetica
522 2320 635 2353 prope
659 2310 830 2354 oppidum
852 2310 946 2354 Loja
971 2310 1127 2354 (112060
1151 2311 1317 2344 Huebner
1339 2310 1432 2344 vidit
1454 2313 1620 2356 ectypum
1632 2312 1883 2356 gypsaceum).

170 2384 217 2391 —
242 2367 275 2409 1)
298 2366 462 2400 Alterum
479 2376 686 2409 cognomen,
699 2370 734 2400 et
745 2369 979 2411 peregrinum
995 2367 1148 2411 quidem,
1164 2368 1378 2402 Postumiae.
1393 2386 1439 2393 —·
1462 2369 1497 2409 2)
1525 2368 1611 2402 Octo
1629 2368 1820 2413 (milibus).
1837 2388 1883 2394 —

171 2424 208 2463 3)
235 2423 492 2457 Ornamentum
523 2434 571 2456 εει·
592 2426 724 2467 septem
746 2424 859 2457 stellis
887 2426 930 2457 ut
952 2425 1098 2458 videtur
1120 2425 1367 2468 compositum.
1395 2443 1442 2450 —
1477 2426 1512 2466 4)
1536 2424 1793 2469 Cylindrorum
1817 2426 1883 2470 (cll

171 2479 218 2514 Ν.
238 2481 329 2514 4422
353 2484 428 2513 not.
450 2481 500 2522 6).
524 2499 568 2505 ——
594 2482 629 2523 5)
652 2479 953 2523 margaritarum.

286 2559 402 2606 5497
451 2591 461 2601 .
480 2591 489 2600 .
512 2560 717 2601 Cornelius
739 2590 749 2600 .
773 2591 784 2601 .
805 2557 882 2617 [s.],
913 2591 924 2601 .
941 2591 952 2601 .
975 2557 1058 2618 [n.]‚
1085 2560 1092 2618 Ι
1129 2592 1139 2602 .
1156 2592 1166 2602 .
1187 2574 1304 2615 pron.
1336 2562 1406 2602 Gal
1422 2591 1565 2606 ......
1592 2559 1598 2616 Ι
1635 2562 1762 2609 aedil„
1792 2569 1883 2616 post

172 2637 341 2670 mortem
362 2660 373 2670 .
390 2660 400 2670 .
418 2660 428 2670 .
455 2627 463 2684 Ι
487 2635 724 2670 testamento
745 2635 893 2670 statuas
917 2628 924 2684 Ι
950 2629 1026 2669 sihi
1052 2637 1092 2670 et
1110 2629 1214 2683 patri
1235 2635 1453 2682 equestres,
1481 2627 1486 2682 Ι
1514 2629 1628 2669 matri
1657 2630 1880 2683 pedestrem

174 2697 270 2750 poni
299 2698 425 2739 iussit.
453 2695 462 2753 Ι
487 2697 669 2739 Cornelia
698 2697 743 2737 L.
774 2698 802 2737 f.
831 2697 943 2738 Anus
972 2709 1088 2738 soror
1114 2696 1120 2751 Ι
1146 2710 1185 2750 p.
1219 2709 1254 2737 c.

287 2765 488 2806 Perennae,
518 2766 581 2798 ubi
603 2763 678 2804 suit
704 2764 835 2798 Obulco
855 2765 1070 2807 provinciae
1092 2763 1264 2797 Baeticae
1287 2764 1344 2804 (ΙΙ
1362 2763 1454 2799 2450
1475 2763 1584 2797 semel
1605 2763 1813 2806 descripta).

287 2843 402 2890 5498
451 2846 495 2885 L.
527 2846 641 2886 Iunio
671 2846 716 2885 L.
747 2847 774 2885 s.
806 2845 916 2891 Quir.
944 2843 950 2898 Ι
977 2845 1145 2885 Iuniano
1176 2845 1284 2884 IIvir.
1315 2844 1370 2891 11,
1398 2843 1403 2888 Ι
1440 2844 1506 2895 qui
1536 2850 1772 2885 testamento
1808 2857 1880 2885 suo

175 2919 329 2953 caverat
348 2914 573 2966 sepulcrum
605 2913 678 2954 sibi
707 2911 712 2966 Ι
739 2913 824 2953 fieri
855 2912 901 2953 ad
924 2912 1109 2953 denarios
1128 2911 1264 2961 occe,
1295 2913 1356 2952 et¹
1387 2911 1578 2952 voluntati
1607 2912 1764 2965 patroni
1790 2924 1880 2952 cum

177 2978 532 3035 opltemperaturus
562 2987 664 3023 esset
693 2981 738 3021 L.
769 2981 907 3021 Iunius
937 2980 1130 3020 Auctinus
1160 2979 1227 3020 lib.
1268 2978 1275 3035 Ι
1316 2985 1355 3020 et
1383 2980 1499 3020 heres
1529 2979 1625 3026 eius,
1655 2980 1801 3033 petitus
1830 2981 1880 3021 ab

178 3048 315 3089 ordine
344 3050 495 3090 Arund.
531 3047 538 3104 Ι
573 3056 618 3090 ut
645 3050 778 3102 potius
808 3055 953 3090 statuas
983 3055 1062 3089 tam
1094 3047 1249 3088 Iuniani
1280 3060 1397 3100 quam
1432 3045 1438 3102 Ι
1475 3043 1563 3103 [fili]
1596 3047 1680 3087 eius
1710 3047 1807 3088 Galli
1837 3047 1878 3087 in
