2092 3360
586 162 702 200 Tituli
724 163 975 209 municipales.
994 183 1036 189 --
1062 163 1159 201 Urbs
1175 164 1302 202 Roma.
1331 165 1478 204 Tribus.
1800 165 1883 207 485

222 323 226 327 .
287 277 405 325 ⁶⁰50
452 279 512 321 dis
541 278 724 320 manibus
751 277 757 333 Ι
783 279 834 320 M.
866 279 1058 327 Quintilio
1089 280 1140 321 M.
1173 281 1198 321 Γ.
1227 278 1232 334 Ι
1260 281 1342 323 ΡοΙ.
1374 282 1541 324 vibiano
1574 281 1582 338 Ι
1616 283 1782 324 immuni
1812 284 1886 324 ho-

177 356 332 398 norato,
369 347 375 404 Ι
410 347 583 389 curatori
608 338 736 396 W&
775 348 823 391 M.
854 345 860 403 Ι
888 348 1105 395 Quintilius
1136 348 1326 391 Vibianus
1355 356 1395 391 et
1420 348 1426 405 Ι
1454 352 1500 391 Μ.
1531 351 1747 398 Quintilius
1776 352 1886 393 Besi-

175 419 318 460 dianus
344 420 351 470 1
377 418 479 472 patri
509 429 596 466 suo,
627 417 721 457 item
743 416 933 464 Quintilia
961 412 973 470 Ι
992 416 1124 457 larine
1156 419 1306 471 optimo
1336 426 1375 460 et
1404 419 1508 460 bene
1534 422 1541 473 Ι
1565 419 1615 461 de
1645 434 1687 461 se
1716 421 1886 462 merenti

175 494 342 543 patrono
372 493 411 527 et
435 486 443 538 Ι
469 485 643 538 coniugi,
672 485 869 538 permissu
891 483 1241 540 pientislsimorum
1263 486 1469 528 tribulium
1491 500 1598 529 aram
1620 487 1627 542 Ι
1649 496 1886 542 posuerunt,

172 556 267 597 vixit
294 568 389 596 ann.
409 554 489 595 LV.
516 552 523 610 Ι
549 554 626 594 Hil.
655 566 734 594 ser.
765 553 868 594 cur.²

286 633 419 668 Itomae
443 633 636 677 (7140244
660 631 707 672 cl:
725 631 870 666 Notizie
886 633 984 676 degli
998 634 1099 666 :cavi
1113 632 1249 677 48961).
1263 633 1360 678 290).
1384 653 1431 659 —
1456 635 1490 677 1)
1516 634 1686 669 Cur-aton·
1710 636 1885 670 decimum

173 695 317 726 :mmm
340 702 390 725 se.
414 692 580 732 eorporis
603 691 804 723 tribulium.
827 709 873 714 —
902 691 936 731 2)
960 689 1108 723 Hilarus
1131 700 1254 723 cervus
1277 692 1432 724 curavit.

289 793 404 840 6⁰57
454 794 593 838 (ascia)
624 795 684 835 dis
712 794 897 835 manibus
932 792 938 849 Ι
972 794 1013 834 Ρ.
1044 794 1156 835 Aelio
1186 795 1230 835 P.
1262 795 1315 835 fll.
1345 795 1523 836 Bellenio
1554 797 1728 837 Aristoni
1758 798 1884 838 electo

172 865 224 906 ob
265 862 272 919 Ι
313 865 429 904 iidem
469 870 509 904 et
546 863 780 904 industriam
820 875 932 904 suam
967 875 990 902 a
1020 862 1232 917 tribulibus
1261 863 1388 904 tribus
1429 862 1435 917 Ι
1475 865 1674 906 Palatinae
1706 867 1887 918 corporis

171 933 378 975 seniorum
414 932 642 973 clientium¹
682 931 813 985 perp.²
852 928 859 986 Ι
898 930 1052 972 scribae
1091 938 1130 971 et
1157 931 1295 972 viatori
1326 939 1366 972 et
1395 935 1435 972 in
1469 946 1513 973 ea
1543 933 1885 976 administratione

171 1002 223 1042 ita
267 999 273 1055 Ι
313 1008 483 1050 versato,
529 1007 572 1040 ut
611 1001 782 1041 universi
823 999 989 1040 tribules
1028 1000 1096 1052 qui
1135 1000 1338 1040 advivente
1377 1013 1425 1041 eo
1462 1001 1570 1042 dono
1610 1001 1618 1056 Ι
1658 1001 1886 1055 delphicae²

170 1082 310 1111 aereae
341 1082 432 1110 cum
464 1068 572 1110 omni
603 1068 711 1109 cultu
741 1074 967 1116 exornatae,
1006 1068 1076 1108 sed
1107 1074 1147 1109 et
1172 1066 1178 1123 Ι
1205 1074 1442 1109 testamento
1472 1069 1663 1110 divisione
1697 1071 1884 1123 exequia-

172 1151 262 1179 rum
293 1139 376 1179 eius
402 1137 410 1191 Ι
449 1137 634 1178 honorati
664 1143 770 1186 sunt,
801 1143 880 1176 tam
912 1137 1111 1189 integrum
1147 1143 1187 1177 et
1215 1138 1454 1178 industrium
1494 1136 1501 1191 Ι
1541 1139 1667 1179 virum
1698 1139 1884 1181 amissum

172 1207 368 1248 dolerent.
409 1204 415 1261 Ι
456 1206 499 1246 Ρ.
530 1206 663 1246 Aelius
693 1205 893 1246 Bellenius
922 1205 1052 1246 Aristo
1091 1205 1196 1247 filius
1225 1206 1327 1259 patri
1358 1207 1560 1247 carissimo
1600 1213 1640 1248 et
1679 1205 1685 1262 Ι
1727 1205 1885 1248 Claudia

172 1275 362 1324 Quartilla
384 1274 546 1327 coniugi
567 1273 782 1322 carissimo,
815 1285 904 1314 cum
928 1286 1006 1326 quo
1032 1271 1040 1328 Ι
1066 1274 1160 1314 vixit
1180 1275 1297 1316 annis
1317 1274 1439 1314 XXVI
1468 1276 1636 1316 mensib.
1658 1276 1745 1316 Vlll
1771 1276 1833 1317 die
1854 1277 1884 1324 Ι,

173 1350 450 1397 perseverante
476 1340 483 1398 Ι
509 1343 614 1383 inter
643 1355 686 1383 se
716 1342 928 1382 concordia
960 1343 1000 1383 in
1034 1343 1136 1383 diem
1167 1355 1247 1395 quo
1279 1356 1369 1384 cum
1401 1356 1448 1383 eo
1477 1343 1613 1383 vibere
1644 1344 1774 1391 licuit,
1810 1351 1849 1385 et
1874 1342 1882 1400 Ι

169 1411 245 1453 sibi
276 1418 316 1452 et
345 1411 474 1452 sorori
504 1410 771 1463 fratribusque
800 1411 901 1459 suis,
941 1417 981 1450 et
1009 1411 1193 1452 Claudiae
1225 1411 1378 1451 Primae
1418 1410 1425 1465 Ι
1465 1412 1636 1464 posteris
1666 1419 1705 1452 et
1733 1411 1885 1453 libertis

169 1480 428 1532 libertabusq.
458 1479 669 1532 posterisq.
701 1492 783 1520 eor.
814 1480 934 1520 fecer.

283 1558 416 1593 Romae
441 1560 460 1600 (
464 1559 518 1593 71
536 1558 647 1593 402Ιό
670 1559 724 1592 bis
746 1561 789 1591 ut
811 1558 956 1592 videtur
979 1559 1157 1603 descripta
1182 1570 1274 1592 saec.
1290 1558 1402 1601 XVI).
1438 1578 1482 1583 —
1522 1561 1553 1601 1)
1579 1557 1633 1598 Cfi
1657 1558 1704 1594 Ν.
1725 1561 1822 1593 6048.
1838 1578 1884 1585 -

169 1618 206 1658 2)
230 1617 415 1659 Perpetuo.
439 1635 484 1640 —
509 1617 543 1658 3)
567 1616 625 1649 Sc.
651 1616 816 1659 tripodis.

284 1719 400 1766 ⁶058
456 1714 501 1764 d..
525 1734 574 1765 m.
606 1719 611 1775 Ι
639 1730 713 1775 (vir
736 1732 775 1764 in
800 1730 890 1763 lecto
914 1731 1137 1772 recumbens)
1162 1719 1172 1776 Ι
1195 1720 1246 1760 Μ.
1267 1720 1394 1760 Blossi
1424 1720 1565 1761 Felicis
1588 1719 1593 1773 Ι
1622 1721 1761 1780 viatori
1790 1721 1883 1761 trib.

172 1790 251 1830 Pal.
287 1789 293 1843 Ι
329 1802 499 1842 corpore
529 1790 721 1842 August),
756 1788 763 1842 Ι
798 1789 964 1829 Pacuvia
996 1789 1145 1829 Soteris
1176 1787 1182 1843 Ι
1219 1789 1380 1840 coniugi
1410 1801 1482 1829 suo
1512 1795 1551 1828 et
1584 1787 1591 1836 Ι
1623 1788 1675 1828 Μ.
1706 1789 1883 1829 Blossius

170 1859 360 1912 Speratus
385 1855 392 1913 Ι
417 1858 518 1910 patri
546 1865 718 1911 patrono
745 1859 751 1908 Ι
783 1857 820 1901 b.
852 1870 905 1897 m.
938 1857 1057 1897 fecer.

283 1924 414 1958 Romae
451 1925 523 1964 (71
550 1925 658 1958 40246
694 1924 784 1957 vidit
815 1923 988 1964 Henzen).
1024 1942 1069 1948 —
1108 1924 1141 1965 1)
1174 1923 1318 1957 Viator-z·
1353 1924 1471 1956 tribus
1505 1923 1695 1956 Palatinae
1730 1934 1882 1967 corpore

169 1983 373 2025 Augmmlt‘.

267 2064 397 2120 '6⁰59
446 2076 482 2118 d.
514 2088 566 2115 m.
593 2073 600 2125 Ι
626 2075 677 2115 Μ.
708 2075 856 2115 Antoni
887 2072 1053 2128 lulilani,
1083 2074 1287 2126 Augustali
1324 2073 1332 2122 Ι
1371 2074 1538 2113 immun.
1570 2073 1708 2114 Misen.
1744 2073 1750 2127 Ι
1784 2075 1880 2115 item

168 2146 334 2196 August.
366 2144 505 2191 Cum.¹‚
530 2142 540 2198 Ι
571 2143 711 2183 adlect.
741 2143 834 2183 trib.
866 2142 1016 2195 Palat.²‚
1044 2139 1051 2196 Ι
1085 2142 1178 2182 vixit
1206 2154 1301 2182 ann.
1332 2141 1434 2182 XXV
1460 2140 1467 2195 Ι
1495 2155 1546 2181 m.
1571 2141 1618 2182 X.
1650 2142 1688 2184 d.
1722 2143 1763 2191 V,
1798 2143 1879 2183 Val.

168 2213 315 2253 Redem
348 2219 376 2252 t.
407 2218 498 2252 mat.

283 2226 415 2314 Miloni
437 2290 524 2322 rep„
548 2283 600 2312 est
623 2278 776 2322 Neapoli
801 2277 850 2322 (X
862 2278 950 2312 5676
971 2278 1065 2310 vidit
1088 2276 1311 2322 Mommsen).
1328 2296 1372 2302 —-
1399 2278 1432 2320 1)
1458 2276 1585 2313 Cumis.
1602 2295 1647 2300 —
1671 2278 1706 2319 2)
1729 2278 1879 2312 Adlecto

169 2338 283 2371 tribui
307 2337 506 2370 Palatinae.

281 2428 397 2475 6060
456 2430 571 2470 dibus
600 2428 752 2469 securis
792 2428 799 2482 Ι
840 2428 890 2468 Μ.
921 2428 1064 2468 Salluvi
1105 2426 1111 2483 Ι
1151 2427 1416 2480 Felicissimi!
1450 2427 1704 2467 Heraclitiani
1734 2427 1841 2467 tribu
1868 2424 1876 2482 Ι

168 2499 264 2553 Esq.
286 2511 457 2552 corpore
473 2498 602 2550 Aug.¹‚
630 2497 635 2552 Ι
663 2509 789 2549 puero
810 2496 918 2549 piiss.
941 2502 981 2535 et
1000 2496 1172 2544 dulciss„
1200 2495 1206 2549 Ι
1233 2496 1284 2536 Μ.
1302 2496 1498 2536 Salluvius
1524 2493 1530 2548 Ι
1557 2495 1777 2535 Antiochus
1797 2505 1877 2548 pat.

168 2567 244 2607 fec.
275 2573 316 2608 et
344 2566 441 2616 sibi,
468 2564 475 2621 Ι
502 2567 573 2609 vix.
607 2578 702 2605 ann.
722 2564 793 2604 Xll
825 2576 930 2604 men.
952 2563 1022 2603 1111
1054 2563 1157 2604 dieb.
1179 2563 1244 2604 Xl.

282 2632 414 2667 Romae
438 2633 510 2677 (71
530 2632 638 2666 40247
662 2633 713 2665 bis
737 2631 795 2664 vel
817 2634 873 2664 ter
896 2630 1074 2674 descripta
1098 2641 1189 2664 saec.
1207 2630 1282 2664 XV.
1301 2629 1410 2674 XVI).
1425 2649 1471 2654 —
1498 2632 1529 2672 1)
1559 2628 1668 2662 Trilm
1686 2629 1875 2673 Esquilina

166 2700 317 2734 corpore
341 2690 546 2733 Augustali.

281 2793 395 2839 6061
454 2795 493 2835 d.
523 2806 575 2834 m.
602 2794 609 2848 Ι
636 2793 677 2833 C.
710 2793 781 2833 luli
812 2791 940 2832 Valeri
971 2791 1165 2832 Luciliani
1194 2790 1329 2830 tribuli
1357 2789 1363 2844 Ι
1397 2789 1524 2830 tribus
1560 2789 1734 2830 Palatine
1765 2802 1875 2843 corp.

167 2862 371 2906 iunioris¹.
411 2862 480 2915 qui
506 2859 514 2917 Ι
541 2862 633 2902 vixit
662 2861 778 2902 annis
807 2860 986 2912 quinque
1015 2871 1144 2899 meses
1174 2858 1241 2898 Vll
1273 2858 1355 2898 dies
1387 2857 1503 2897 Vllll.
1536 2858 1543 2908 Ι
1583 2857 1680 2898 lulia
1710 2857 1876 2898 Calliroe

168 2937 294 2972 mater
323 2930 403 2971 filio
433 2930 673 2970 dulcissimo.

281 2996 414 3031 Romae
437 2995 511 3041 (71
529 2997 641 3031 40248
662 2996 831 3029 viderunt
855 2995 1009 3029 Snwtius
1032 2993 1196 3037 aliique).
1218 3011 1263 3018 —
1294 2993 1327 3035 1)
1350 2991 1492 3026 minoris
1515 2992 1693 3026 nonnulli.

282 3054 383 3097 Corp.
407 3054 576 3088 iuniorum
601 3053 752 3088 luvenal.
777 3055 816 3086 in
841 3053 939 3085 tribu
963 3051 1143 3092 Palatina,
1167 3060 1278 3093 supra
1303 3047 1348 3083 N.
1363 3049 1447 3083 525.
