2092 3360
409 159 526 198 Tituli
549 161 645 198 sueri
669 163 708 198 et
729 161 974 199 sacerdotum.
997 181 1045 188 —
1068 161 1260 200 Valetudo.
1290 163 1539 210 Aesculapius.
1752 165 1831 204 107

231 273 348 322 3889
386 276 569 330 Asclepio
597 275 759 317 salutari
790 277 890 330 Aug.
921 290 1021 318 sacr.
1048 277 1056 332 Ι
1082 278 1122 319 in
1153 279 1308 320 honore
1339 279 1462 332 patris
1492 279 1725 334 Pyrgensis¹
1753 279 1759 336 Ι
1788 281 1832 321 1..

118 343 354 386 Volumnius
384 344 506 386 Carus
535 344 584 385 de
613 356 687 390 suo
718 344 823 386 fecit.
851 342 858 401 Ι
884 346 1016 388 Locus
1047 346 1263 388 attributus
1292 359 1340 388 ex
1371 347 1409 388 d.
1432 348 1478 388 d.

232 411 365 456 Pyr-gie
382 411 437 452 (S.
453 411 604 457 Severa)
628 414 668 445 in
692 422 758 445 ora
774 411 960 454 Etruriae,
984 424 1082 447 nune
1104 413 1237 448 Romae
1261 414 1331 459 (XI
1343 414 1431 449 5740
1454 415 1547 449 vidit
1561 414 1834 459 Romanu).—

120 467 154 510 1)
180 467 355 502 Conditor
377 468 434 502 vel
452 470 583 512 genius
607 468 742 512 oppidi.
791 469 844 508 (1Ιὶ
870 468 971 510 infra
995 469 1040 504 Ν.
1058 471 1160 506 4052.
1185 472 1289 506 4055.

231 557 347 605 3840
390 560 542 601 numini
573 560 716 602 domus
736 562 836 614 Aug.
868 575 1036 603 sacrum.
1064 561 1070 619 Ι
1097 563 1333 616 Aesculapio
1365 568 1404 603 et
1433 563 1557 604 Saluti
1582 566 1681 617 Aug.
1713 565 1833 605 colle-

116 628 224 681 gium
255 628 428 678 salutar„
454 627 460 683 Ι
497 628 585 669 loco
617 628 822 682 adsignato
853 630 901 670 ab
933 644 1042 684 proc.
1075 637 1176 684 patr.
1201 631 1290 672 Cae.
1323 631 1395 680 n.¹,
1424 643 1445 669 a
1476 631 1562 672 solo
1589 629 1594 687 Ι
1629 633 1832 674 fecerunt:

117 695 227 736 Felix
246 696 356 746 ver.²‚
387 697 588 749 Aspergus
608 697 823 749 Regianus,
850 698 998 740 Vindex
1026 697 1032 755 Ι
1058 699 1168 748 ver.²‚
1197 699 1301 739 vilici
1323 698 1553 751 prediorum
1576 704 1659 748 (sic)
1691 701 1832 742 Galba-

118 776 285 813 norum,
326 770 366 805 et
394 763 527 817 plebs:
556 763 562 820 Ι
589 765 696 806 imm.
728 766 902 807 Actalius
932 767 1150 816 Ianuarius,
1189 767 1330 820 Ulpius
1361 766 1593 817 Sexfinnus,
1633 768 1834 810 Cluturius

118 830 340 873 secundus·
369 831 374 887 Ι
403 842 629 887 (Sequuntur
651 845 843 878 secundum
869 843 1030 879 ordinem
1055 845 1260 878 litterarum
1280 855 1349 888 per
1365 846 1523 889 quinque
1543 848 1700 890 paginas
1717 847 1834 890 dispo-

115 899 189 932 eita
213 902 360 933 nomina
386 902 652 944 quinquaginta
677 903 779 942 tria.)

233 955 366 989 Romae
387 967 464 1000 rep.
484 967 599 1000 prope
621 961 776 992 montem
796 957 1001 992 Teetaceum
1025 958 1094 999 (VI
1115 959 1232 993 50985
1250 975 1294 988 =
1314 959 1407 995 Bull.
1432 961 1637 1002 archeolog.
1655 961 1832 995 eomunal.

116 1022 207 1046 rom.
229 1012 318 1046 4883
340 1023 375 1056 p.
391 1014 434 1047 34
461 1015 532 1047 tab.
551 1014 628 1058 VI).
643 1033 690 1038 —
716 1015 748 1057 1)
771 1015 993 1048 Procurator
1013 1017 1229 1058 patrimonii
1246 1015 1410 1050 Caesaris
1433 1018 1560 1050 nostri.
1576 1035 1623 1040 —
1647 1017 1681 1058 2)
1701 1017 1833 1052 Ver-na.

117 1172 198 1213 Iovi
220 1102 363 1214 νῗιῗέῃΙῑὶ
638 1174 873 1227 Aesculapio
898 1181 938 1215 et
958 1175 1080 1216 Saluti
1516 1176 1675 1216 Silvano

141 1241 211 1281 has
231 1242 347 1282 aedes
430 1242 525 1295 imp.
549 1241 656 1282 Caes.
678 1242 730 1282 M.
748 1243 933 1284 Aurelius
953 1244 1184 1285 Antoninus
1203 1244 1303 1297 Aug.
1372 1257 1443 1297 per
1463 1244 1540 1297 leg.
1557 1244 1631 1284 111¹
1654 1246 1753 1296 Aug.
1775 1245 1833 1284 fe-

997 1309 1125 1368 [pont.
1146 1325 1247 1352 max.
1270 1318 1309 1353 et
1676 1309 1835 1368 [cerunt

427 1378 520 1431 imp.
533 1378 676 1419 Caesar
690 1379 735 1419 L.
746 1380 930 1421 Aurelius
956 1380 1083 1421 Verus
1097 1383 1297 1433 Augustus

232 1443 422 1477 Lambaesi
451 1445 491 1477 in
516 1445 647 1489 templo
663 1446 883 1490 Aesculapii,
909 1448 1034 1481 titulus
1049 1448 1189 1481 medius
1211 1449 1251 1481 in
1267 1447 1392 1488 fronte
1413 1449 1527 1492 ipsius
1543 1447 1678 1490 templi,
1701 1447 1836 1490 reliqui

118 1499 190 1533 duo
214 1502 254 1533 in
279 1501 454 1534 aediculis
477 1501 527 1534 ad
549 1502 713 1536 deoetram
739 1506 774 1536 et
797 1504 846 1537 ad
866 1505 1054 1538 sinistram
1076 1505 1159 1538 sitis
1176 1504 1287 1548 (VIII
1299 1504 1485 1539 2579a-—c
1510 1503 1556 1543 es:
1572 1503 1663 1537 VIII
1675 1503 1712 1537 S.
1726 1503 1835 1537 48089

117 1557 287 1590 viderunt
313 1557 519 1592 Wlmanns
542 1562 576 1592 et
599 1558 789 1600 Schmidt).
835 1560 897 1594 Ad
920 1561 1103 1595 aediculas
1127 1562 1222 1595 Iovis
1248 1561 1410 1595 Valentis
1442 1564 1477 1594 et
1504 1561 1648 1595 Silvani
1675 1562 1834 1605 pertine-

119 1613 207 1646 bant
229 1615 339 1647 etiam
362 1617 617 1659 inscriptiones
640 1616 762 1650 eodem
787 1617 864 1650 loco
885 1620 1048 1660 repertae
1064 1617 1213 1652 Ν.5054
1230 1621 1264 1651 et
1278 1619 1384 1653 5359.
1419 1618 1555 1651 Eodem
1572 1618 1650 1652 loeo
1666 1618 1835 1651 videntur

117 1671 267 1703 stetisses
279 1672 533 1715 inscriptiones
557 1684 648 1716 quae
671 1676 872 1717 sequuntur
894 1674 939 1709 Ν.
963 1675 1200 1710 5842-5844.
1226 1675 1330 1709 5895.
1368 1695 1409 1699 —
1449 1676 1481 1717 1)
1505 1674 1574 1718 leg.
1596 1674 1637 1709 111
1661 1675 1835 1708 vocabula

117 1737 249 1761 rasura
274 1731 456 1772 temptata.

233 1818 350 1866 3842
402 1822 636 1875 Aesculapio
667 1828 708 1863 et
731 1826 739 1876 Ι
766 1822 914 1876 Hygiae
939 1822 945 1878 Ι
973 1823 1024 1863 Μ.
1047 1825 1141 1864 Aur.
1164 1822 1378 1880 Comilnius
1409 1821 1668 1880 Cassianu[s]¹
1697 1823 1702 1878 Ι
1729 1837 1763 1863 v,
1786 1837 1835 1872 c.,

119 1887 196 1940 leg.
226 1879 371 1941 Augg.⁸
395 1888 402 1944 Ι
428 1902 490 1943 pr.
521 1903 597 1943 pr.‚
623 1888 629 1945 Ι
657 1903 738 1931 cos.
770 1892 892 1944 desig.

234 1955 423 1989 Lambaesz·
452 1956 559 1997 (VIII
579 1957 671 1991 2589
693 1957 786 1991 vidit
807 1957 1038 2002 Wilmanns).
1063 1977 1107 1982 —
1136 1960 1168 1999 1)
1194 1957 1249 1998 Cf.
1272 1969 1383 2001 supra
1407 1957 1453 1991 N.
1470 1957 1564 1994 4154.
1581 1977 1627 1982 —
1652 1960 1684 2000 2)
1710 1958 1836 1992 Altera

121 2021 143 2057 g
168 2022 284 2046 erasa.

234 2101 350 2148 3843
398 2103 544 2156 Hygiae
571 2102 576 2159 Ι
604 2104 649 2144 Τ.
675 2105 848 2146 Caunius
873 2104 881 2159 Ι
908 2106 1088 2146 Priscus¹
1125 2105 1201 2159 leg.
1229 2103 1236 2161 Ι
1264 2108 1361 2158 Aug.
1393 2118 1454 2159 pr.
1485 2119 1561 2159 pr„
1592 2119 1676 2146 cos.
1705 2104 1710 2161 Ι
1737 2107 1833 2153 des„

125 2184 215 2212 cum
246 2169 358 2227 Velra
391 2184 515 2212 uxore
545 2179 584 2212 et
612 2170 802 2228 Fir-'mino
834 2180 873 2214 et
903 2173 1035 2215 Prisca
1066 2173 1118 2213 fil.

235 2237 425 2271 Lambaesi
453 2249 527 2282 rep.
551 2249 624 2272 non
649 2240 755 2283 longe
776 2252 798 2273 a
825 2241 952 2284 templo
969 2240 1178 2282 Aesculapii
1203 2238 1312 2282 (VIII
1324 2241 1417 2275 2588
1431 2242 1524 2275 vidit
1544 2241 1774 2285 Wilmanns).
1790 2262 1834 2266 —
1859 2263 1862 2266 -

126 2297 156 2337 1)
182 2294 236 2335 Cf.
260 2293 363 2335 infra
390 2294 434 2329 Ν.
454 2297 559 2330 5895.

237 2385 353 2433 3844
397 2386 642 2444 Aescullapio
673 2394 711 2428 et
738 2386 744 2442 Ι
770 2389 918 2442 Hygiae
944 2388 950 2444 Ι
977 2389 1035 2429 dis
1065 2388 1182 2429 bonis
1208 2390 1214 2439 Ι
1241 2401 1411 2430 sacrum.
1439 2389 1444 2441 Ι
1472 2390 1630 2430 Pelusii.

245 2454 433 2489 Lambaesi
457 2455 566 2499 (VIII
583 2456 675 2489 2590
699 2455 791 2488 vidit
817 2455 1049 2499 Wilmanm).

237 2556 352 2602 3845
400 2560 474 2600 diis
504 2527 666 2612 magnis*
682 2557 688 2612 Ι
716 2564 755 2599 et
784 2558 901 2599 bonis
931 2527 1175 2613 Aescullapio
1206 2565 1246 2599 et
1275 2559 1423 2612 Hygiae
1450 2556 1456 2612 Ι
1482 2558 1602 2599 Marc.
1635 2560 1728 2599 Aur.
1760 2558 1835 2598 Ve-

124 2623 299 2677 telranus
328 2628 453 2679 praes.
485 2627 560 2680 leg.
588 2627 595 2682 Ι
621 2626 710 2667 Xlll
742 2626 788 2666 G.
810 2626 1029 2666 Gallenian.
1052 2630 1134 2675 (sic)
1162 2626 1168 2682 Ι
1195 2640 1230 2667 v.
1251 2627 1276 2666 l.
1298 2639 1349 2666 m.
1371 2639 1411 2679 p.

240 2692 428 2727 Mehadiae
451 2695 491 2727 in
514 2694 630 2727 Dacia
655 2704 742 2737 rep„
767 2696 818 2726 est
845 2693 1076 2727 Vindobonae
1099 2693 1172 2733 (111
1194 2693 1279 2727 4560
1303 2692 1395 2726 vidit
1418 2692 1641 2738 Mommsen).

238 2783 355 2830 3846
412 2786 618 2839 Aesculap.
645 2785 651 2841 Ι
686 2792 725 2826 et
755 2785 902 2839 Hygiae
935 2785 942 2840 Ι
976 2797 1049 2838 pro
1084 2785 1208 2826 salute
1238 2785 1374 2825 Iuniae
1399 2784 1406 2840 Ι
1434 2768 1613 2839 Cyrillae
1639 2785 1745 2838 quod
1776 2798 1795 2825 a
1828 2783 1835 2839 Ι

126 2853 244 2905 longa
275 2853 515 2911 infirmitaflte
544 2854 688 2894 virtute
719 2853 921 2909 aqualrum
954 2852 1130 2892 numinis
1167 2852 1227 2892 sui
1253 2850 1259 2906 Ι
1287 2859 1581 2899 revocaverunt,
1616 2850 1622 2907 Ι
1657 2858 1686 2892 t.
1717 2852 1755 2892 b.
1786 2853 1834 2892 a.¹

125 2920 212 2962 eius
241 2933 276 2961 ν.
307 2934 338 2962 s.
369 2921 394 2962 l.
426 2935 479 2962 m.

51 3088 53 3090 ι
128 3044 332 3086 singulares
355 3045 636 3087 cignifieationis
662 3046 832 3079 obscurae
857 3044 973 3084 (Ma).

242 2987 427 3022 Mokadiae
457 2991 498 3022 in
526 2989 643 3022 Dacia
674 2988 749 3032 (111
777 2988 859 3022 4561
892 2988 1157 3030 descripserunt
1180 2986 1320 3019 Arnetlt
1344 2986 1505 3030 aliique).
1537 3005 1581 3010 —
1617 2987 1650 3028 1)
1677 2986 1837 3020 Litterae
