2092 3360
243 154 326 196 694
953 152 1073 197 caput
1095 151 1216 189 XIIII.

241 267 354 301 multa
387 268 527 309 corrigi
551 267 751 308 potuerunt
780 276 826 298 ex
857 265 941 298 aliis
965 265 1083 298 titulis
1107 265 1264 298 eiusdem
1294 266 1450 298 hominis
1475 265 1768 309 Carthaginiensi
1791 266 1828 300 11
1847 266 1954 309 5425,

244 334 346 367 quem
375 323 469 356 vidit
490 323 666 364 Huebner,
701 332 811 364 eoque
841 322 905 364 qui
933 321 1127 366 sequitur).
1162 340 1208 346 —
1246 323 1278 365 1)
1303 322 1427 355 Sicelli
1451 323 1640 366 oppidum,
1670 324 1883 367 Hispaniae,
1913 326 1956 357 ut

243 381 387 413 videtur
406 382 597 422 praeterea
613 380 799 421 ignotum,·
825 376 871 417 cs:
894 377 929 412 Ο.
943 377 971 411 Ι.
985 377 1025 412 L.
1042 378 1079 410 Il
1094 379 1210 422 suppl.
1224 389 1260 421 p.
1271 380 1350 413 955.
1363 398 1409 403 —-
1433 380 1466 422 2)
1490 379 1673 414 Aossetan.
1691 379 1859 413 traditur.
1897 377 1952 419 Cf.

244 437 294 469 ad
314 435 360 470 Ν.
376 437 471 470 6954.
496 454 541 458 -
566 436 599 477 3)
625 434 806 467 Videntur
828 434 1035 477 significari
1050 435 1146 477 Argi
1159 435 1321 468 Achaiae
1337 434 1402 480 (cll
1419 446 1530 479 supra
1548 435 1596 471 N.
1608 437 1699 481 867).
1724 455 1770 461 —
1794 437 1827 479 4)
1851 435 1956 470 Baeti

245 492 415 536 oppidum
439 491 735 533 Ronmanorum,
768 491 873 524 hodic
897 494 940 523 ut
963 491 1107 525 videtur
1130 492 1250 533 Baza,·
1285 490 1333 532 esi
1357 492 1524 526 Huelmer
1548 493 1583 527 C.
1598 494 1624 528 I.
1638 493 1678 526 L.
1703 493 1739 526 11
1756 504 1794 536 p.
1810 495 1887 529 458.
1910 513 1957 518 -

243 550 276 591 5)
301 552 335 582 et
351 548 460 581 scriba
479 548 650 582 traditur.
667 567 713 572 —
737 548 772 590 6)
797 546 851 587 Cf.
867 546 913 582 N.
929 549 1028 583 6843.
1045 567 1089 572 -
1115 549 1148 590 ’7)
1173 548 1382 583 Vicesimae.
1419 547 1474 589 Cf.
1491 559 1603 593 supra
1619 548 1665 585 N.
1678 551 1778 584 5402.
1791 551 1893 585 5598.
1910 569 1956 575 -

244 606 276 647 8)
299 605 353 637 De
377 606 513 638 tributo
537 604 608 637 soli
630 606 669 637 in
694 615 764 647 quo
788 607 974 638 eoexiructa
998 603 1076 645 fait
1098 605 1277 648 aedicula,
1302 607 1443 649 accepit
1466 606 1670 641 Mommsen.

356 706 470 753 6954
518 709 562 748 L.
595 709 731 749 Aemil.
763 708 814 748 M.
847 710 873 749 f.
905 709 956 749 M.
989 722 1080 762 nep.
1113 710 1282 756 Quirina
1311 710 1459 750 Rectus
1489 710 1606 750 domo
1637 711 1781 759 Roma,
1819 712 1887 764 qui
1918 717 1958 752 et
2007 749 2010 751 ,
2075 680 2078 683 v

243 777 378 816 Karth.
407 775 412 830 Ι
439 783 478 816 et
509 777 777 818 Sicellitanus¹
809 784 848 817 et
873 777 1090 818 Assotanus
1122 785 1161 817 et
1191 778 1528 819 Lacedaemonius
1558 785 1598 819 et
1626 779 1860 820 Bastetanus
1887 777 1893 833 Ι
1918 785 1959 820 et

243 846 421 898 Argius¹‚
467 844 596 886 scriba
628 846 896 897 quaestorius,
942 846 1072 886 scriba
1103 846 1324 895 aedilicius,
1370 846 1541 887 donatus
1576 860 1680 899 equo
1709 848 1819 901 publ.
1861 845 1867 903 Ι
1907 846 1957 888 ab

244 916 338 968 imp.
366 914 529 954 Caesare
560 914 731 954 Traiano
763 914 961 954 Hadriano
994 915 1109 966 Aug„
1143 914 1279 955 aedilis
1310 914 1490 954 coloniae
1520 915 1734 969 Karthagi.‚
1764 922 1958 968 patronus

243 983 302 1023 rei
323 982 506 1035 publicae
521 984 750 1022 Assotanor.
771 988 1008 1022 testamento
1030 995 1103 1023 suo
1131 979 1137 1036 Ι
1163 983 1219 1022 rei
1242 982 1338 1035 pub.
1358 983 1557 1023 Assotan.²
1575 984 1662 1023 fieri
1682 984 1808 1032 iussit,
1839 983 1957 1037 epulo

244 1063 378 1090 annuo
409 1051 573 1090 adiecto.

356 1118 399 1151 In
423 1119 554 1161 oppido
586 1119 798 1160 provinciae
821 1117 984 1151 Murciae
1005 1117 1189 1151 Garavaca
1220 1118 1274 1157 (Il
1297 1117 1332 1152 S.
1347 1118 1433 1152 5941
1467 1118 1734 1162 descripserunt
1758 1118 1959 1162 complures

244 1176 315 1207 viri
339 1174 437 1207 docti
459 1175 643 1219 Hispani).
678 1193 724 1199 —
765 1176 796 1216 1)
829 1173 882 1214 Cf.
908 1174 957 1207 ad
979 1174 1124 1207 tilulum
1148 1176 1211 1218 qui
1230 1175 1426 1217 praecedit.
1462 1194 1508 1199 —
1543 1176 1578 1218 2)
1612 1175 1768 1210 Videtur
1789 1176 1880 1209 Asso
1902 1175 1960 1208 vol

244 1232 350 1265 Assoi
371 1233 480 1264 situm
503 1230 616 1270 fuisse
637 1241 749 1274 prope
772 1230 1002 1264 Caravacam.

358 1335 471 1381 6955
530 1337 573 1376 P.
597 1337 676 1376 Val.
700 1337 887 1389 Dionysio
915 1338 922 1387 Ι
950 1335 1069 1376 Vlvir.
1091 1337 1204 1388 Aug„
1232 1333 1238 1390 Ι
1265 1336 1328 1376 cui
1361 1336 1458 1376 ordo
1480 1337 1688 1377 Dertosan.
1717 1335 1724 1391 Ι
1750 1336 1801 1376 oh
1822 1337 1959 1377 merita

247 1405 330 1445 eius
371 1403 378 1459 Ι
418 1405 569 1444 aedilic.
602 1405 776 1445 honores
817 1403 822 1460 Ι
864 1405 1050 1445 decrevit.
1092 1401 1099 1459 Ι
1142 1405 1182 1444 Ρ.
1213 1404 1295 1444 Val.
1336 1404 1485 1444 Pardus
1522 1404 1589 1445 lib.
1627 1407 1633 1456 Ι
1675 1405 1784 1445 Vlvir
1814 1408 1913 1458 Aug.
1947 1402 1956 1460 Ι

245 1478 414 1524 patrono
445 1473 608 1524 optimo.

360 1539 534 1571 Dertosae
558 1537 746 1582 (Torlosa)
780 1539 836 1578 (II
855 1539 942 1572 4062
967 1539 1059 1571 vidit
1082 1539 1276 1583 Huebner).

360 1630 476 1677 6956
534 1632 579 1672 L.
611 1631 766 1671 Licinio
802 1629 808 1685 Ι
848 1631 1033 1671 Secundo
1069 1630 1076 1684 Ι
1118 1643 1286 1671 accenso
1322 1629 1328 1685 Ι
1368 1638 1538 1684 patrono
1569 1645 1642 1673 suo
1684 1631 1692 1687 Ι
1731 1633 1775 1672 L.
1807 1633 1959 1674 Licinio

250 1702 372 1742 Surae
399 1698 404 1755 Ι
431 1701 560 1753 primo
592 1700 754 1740 secund.
784 1696 790 1752 Ι
816 1705 906 1739 tert.
939 1712 1018 1740 cos.
1052 1700 1149 1748 eius,
1178 1698 1184 1753 Ι
1211 1699 1389 1742 llllllvir.
1423 1702 1521 1752 Aug.
1547 1698 1554 1754 Ι
1582 1700 1657 1740 col.
1681 1700 1710 1739 l.
1733 1701 1776 1741 V.
1797 1701 1841 1741 T.
1864 1701 1960 1741 Tar-

247 1769 343 1809 rac.¹
375 1774 414 1808 et
439 1767 444 1822 Ι
473 1768 547 1808 col.
578 1768 619 1811 F.
653 1769 683 1808 Ι.
715 1770 758 1808 A.
795 1768 834 1806 Ρ.
868 1764 1005 1814 Barc.²,
1040 1767 1046 1822 Ι
1090 1763 1218 1823 [or]do
1250 1767 1443 1821 municipi
1471 1769 1477 1818 Ι
1514 1764 1654 1823 [Fla]vi
1685 1768 1923 1811 lamontan.³
1950 1766 1958 1825 Ι

251 1834 409 1892 [ansula
442 1837 629 1879 minoi-0⁴.

362 1904 566 1937 Barcinone
592 1903 647 1947 (II
659 1905 751 1938 4558
775 1903 966 1946 aliquoties
982 1903 1163 1946 descripta
1180 1912 1272 1936 saec.
1290 1901 1384 1936 XVI.
1401 1901 1533 1946 XVII).
1581 1902 1634 1935 De
1651 1903 1767 1936 titulis
1782 1904 1867 1937 huic
1881 1905 1961 1938 viro

249 1961 453 1994 Barcinone
475 1961 602 2004 positis
626 1960 707 1994 dixi
729 1970 841 2002 supra
865 1958 911 1993 Ν.
928 1959 1029 1993 4952.
1054 1977 1100 1984 —
1126 1960 1159 2002 1)
1187 1959 1336 1993 Colonia
1361 1958 1456 1992 Iulia
1485 1959 1642 1993 Victrice
1670 1959 1899 2004 Triumphale
1911 1960 1960 2006 (t)

253 2016 477 2058 Tarracone5
502 2015 549 2056 of.
570 2016 605 2052 C.
619 2017 647 2052 I.
661 2017 701 2051 L.
718 2017 804 2060 Hp.
820 2015 921 2051 55811.
937 2035 983 2041 —-
1008 2016 1041 2058 2)
1070 2014 1219 2049 Colonia
1235 2015 1413 2049 Faventia
1432 2014 1497 2056 (οΓ.
1514 2016 1607 2050 Plin.
1624 2017 1657 2050 h.
1674 2027 1710 2051 n.
1725 2017 1762 2060 3,
1777 2018 1843 2060 22)
1866 2018 1962 2051 Iulia

250 2075 415 2117 Augusta
441 2076 506 2108 Pia
531 2075 746 2108 Barcinone.
770 2092 816 2098 —
840 2074 875 2114 3)
901 2071 955 2112 ΟΓ.
980 2072 1072 2106 Mela
1098 2073 1133 2113 2,
1154 2072 1185 2114 7,
1202 2073 1259 2106 20.
1284 2091 1327 2096 -
1351 2073 1386 2114 4)
1411 2072 1468 2106 Sc.
1493 2073 1711 2108 Balearium.

363 2177 476 2223 6957
513 2179 558 2221 L.
569 2146 768 2219 Caecilius
789 2179 833 2218 L.
850 2180 876 2218 f.
904 2177 911 2231 Ι
937 2179 1030 2231 Pap.
1049 2144 1217 2230 Optatus
1231 2144 1255 2229 Ι
1274 2186 1300 2216 Υ
1323 2177 1398 2237 leg.
1416 2177 1481 2216 Vll
1505 2177 1549 2217 G.
1573 2178 1637 2218 fel.
1664 2177 1672 2232 Ι
1698 2185 1737 2218 et
1757 2186 1781 2219 Ἰ
1803 2179 1879 2232 leg.
1895 2178 1962 2219 XV

250 2248 435 2300 Apollin„
464 2244 470 2302 Ι
497 2248 638 2288 missus
668 2248 834 2287 honesta
861 2247 867 2298 Ι
895 2246 1083 2287 missione
1113 2245 1162 2285 ab
1192 2245 1288 2298 imp.
1309 2245 1360 2285 Μ.
1388 2243 1394 2299 Ι
1420 2246 1515 2286 Aur.
1537 2246 1742 2287 Antonino
1773 2253 1812 2287 et
1835 2248 1928 2291 Aur.
1950 2244 1960 2303 Ι

252 2315 354 2355 Vero
377 2318 489 2367 Aug.‚
520 2315 686 2356 atlectus
716 2327 736 2355 a
769 2310 913 2370 Bar[c].
942 2312 948 2370 Ι
975 2314 1079 2354 inter
1109 2314 1319 2362 immunes,
1350 2321 1552 2355 consecut.
1581 2312 1588 2367 Ι
1615 2314 1653 2354 in
1673 2318 1758 2363 (sio)
1788 2315 1963 2356 honores

254 2384 466 2433 aedilicios,
502 2383 507 2432 Ι
535 2384 631 2424 IIvir
660 2384 732 2432 ΙΙΙ,
771 2384 874 2423 flam.
906 2383 1055 2423 Romae
1082 2380 1088 2437 Ι
1125 2383 1303 2422 divorum
1336 2390 1375 2422 ct
1405 2384 1693 2436 Augustorum¹
1720 2380 1727 2437 Ι
1761 2383 1830 2436 qui
1858 2396 1891 2424 r.
1923 2396 1962 2436 p.

254 2452 366 2491 Barc.
398 2452 449 2491 ita
480 2452 591 2503 leg.²:
625 2451 674 2491 do
706 2451 793 2502 lego
820 2449 827 2505 Ι
853 2451 1017 2503 darique
1047 2451 1135 2491 volo
1170 2450 1206 2491 Χ
1226 2440 1342 2499 ν-ΙΪΒ,
1375 2464 1419 2491 ex
1448 2449 1454 2505 Ι
1482 2463 1652 2503 quorum
1673 2451 1805 2492 usuris
1825 2451 1962 2492 semis-

251 2519 360 2559 sibus
387 2517 392 2573 Ι
419 2520 481 2559 edi
510 2519 598 2560 volo
631 2520 853 2571 quodannis
882 2525 1052 2572 spectac.
1080 2518 1087 2572 Ι
1114 2518 1291 2571 pugilum
1323 2518 1385 2558 die
1415 2518 1487 2558 llll
1510 2520 1644 2560 iduum
1676 2519 1776 2559 Iuni.
1803 2519 1810 2575 Ι
1837 2531 1963 2572 usque

253 2593 292 2626 at
321 2586 354 2627 X
375 2586 466 2627 CCL
498 2594 537 2628 et
567 2588 702 2628 eadem
733 2589 796 2628 die
830 2586 836 2642 Ι
877 2600 923 2627 ex
952 2585 988 2627 X
1009 2585 1070 2627 CC
1100 2587 1256 2627 oleum³
1286 2587 1326 2627 in
1358 2587 1531 2627 thermas
1562 2583 1739 2643 publi[c.]
1767 2586 1774 2642 Ι
1812 2587 1962 2640 populo

253 2653 433 2706 praeberi
457 2660 493 2694 et
516 2652 673 2711 [Πειῡῑει4
700 2655 903 2711 praesltari
925 2668 969 2696 ea
992 2655 1228 2695 condicione
1248 2655 1350 2706 volo,
1375 2660 1419 2694 ut
1446 2652 1452 2708 Ι
1478 2655 1610 2696 liberti
1629 2655 1707 2696 mei
1728 2655 1820 2696 item
1842 2654 1960 2695 liber-

254 2727 384 2761 torum
425 2735 601 2762 meorum
643 2722 650 2778 Ι
691 2724 1003 2776 libertarumque
1040 2722 1173 2763 liberti
1218 2735 1318 2776 quos
1357 2723 1487 2763 honor
1526 2735 1582 2774 (in
1606 2732 1733 2776 latere)
1772 2721 1963 2763 seviratus

254 2787 421 2845 contige!
432 2790 494 2843 rit,
526 2790 574 2831 ab
602 2792 787 2833 omnibus
817 2790 1064 2847 mulnerihus
1084 2791 1297 2831 seviratus⁶
1318 2787 1504 2845 exlcusati
1528 2791 1618 2831 sint.
1664 2790 1770 2837 Quot
1789 2790 1822 2830 si
1843 2789 1931 2842 quis
1951 2786 1961 2847 Ι

255 2868 392 2896 eorum
423 2863 462 2897 at
492 2871 656 2899 munera
679 2858 688 2914 Ι
716 2861 869 2901 vocitus
898 2860 1027 2909 fuerit,
1057 2858 1063 2914 Ι
1089 2865 1172 2899 tum
1194 2871 1237 2899 ea
1263 2858 1300 2899 Χ
1319 2849 1426 2899 Vsffi
1452 2866 1491 2899 at
1516 2856 1522 2913 Ι
1549 2870 1632 2899 rem
1651 2857 1748 2910 pub.
1768 2857 1927 2899 Tarrac.
1949 2853 1960 2913 Ι

255 2925 461 2964 transferri
491 2926 608 2966 iubeo
635 2925 641 2981 Ι
667 2928 741 2968 sub
774 2930 909 2969 eadem
940 2930 1065 2969 forma
1093 2926 1099 2982 Ι
1125 2927 1443 2980 spectaculorum
1474 2931 1572 2978 quot
1597 2922 1603 2979 Ι
1629 2937 1659 2965 s.
1689 2939 1720 2965 s.
1751 2931 1811 2966 est
1841 2926 1962 2966 eden-

256 2991 395 3031 dorum
422 2991 429 3046 Ι
457 2993 695 3034 Tarracone.
742 3005 831 3050 (Sub
856 3008 1092 3050 inscriptione
1115 3005 1271 3047 nentis)
1304 2995 1347 3035 L.
1378 2994 1414 3035 d.
1446 2994 1483 3034 d.
1514 2993 1551 3034 d.

371 3069 575 3104 Barcinone
599 3071 652 3114 (ΙΙ
675 3072 765 3107 4544
790 3073 881 3106 vidit
904 3074 1069 3107 Huebner
1089 3077 1234 3116 praeter
1254 3083 1391 3116 paucae
1415 3070 1582 3115 litteras).
1605 3089 1651 3095 —
1679 3073 1709 3113 2)
1736 3069 1789 3111 Cf.
1813 3069 1858 3106 N.
1874 3071 1963 3105 ⁶920
