2092 3360
192 165 274 203 318
927 163 1047 209 Caput
1069 163 1154 200 XII.

761 321 1039 373 Certamina
1066 331 1330 388 poetarum.

306 425 418 471 5177
478 426 562 466 deis
593 425 777 466 manibus
806 438 960 466 sacrum
1003 425 1009 481 Ι
1051 426 1099 473 Q.
1131 426 1307 479 Sulpicio
1339 427 1386 474 Q.
1419 428 1444 467 f.
1476 427 1554 468 Cla.
1587 428 1755 470 Maximo
1787 430 1906 472 domo

191 495 332 542 Roma,
374 494 446 533 vix.
486 506 579 534 ann.
610 493 663 533 XI
703 506 755 533 m.
788 494 818 532 V
858 494 895 533 d.
926 494 1011 534 XII.
1054 493 1060 548 Ι
1102 494 1176 535 Hic
1204 495 1322 535 tertio
1359 496 1585 537 certaminis
1615 496 1763 537 lustro¹
1802 497 1908 538 inter

192 562 364 603 Graecos
393 568 530 614 poetas
561 562 661 603 duos
691 568 730 602 et
759 562 789 602 L
818 559 824 617 Ι
851 563 1055 615 professus
1086 563 1278 612 favorem,
1311 576 1429 616 quem
1462 564 1513 604 ob
1534 570 1711 605 teneram
1741 571 1906 606 aetatem

192 631 443 679 excitaverat,
486 627 491 684 Ι
532 630 573 669 in
605 629 904 671 admirationem
936 630 1099 683 ingenio
1129 643 1202 672 suo
1232 632 1417 684 perduxit
1456 639 1495 672 et
1525 645 1616 672 cum
1645 634 1800 674 honore
1831 634 1907 675 dis-

192 698 338 740 cessit.2
394 698 539 738 Versus
565 696 571 753 Ι
599 699 885 752 extemporales
916 711 963 739 eo
993 699 1160 740 subiecti
1190 705 1296 749 sunt,
1330 713 1381 740 ne
1411 701 1582 753 parent.³
1612 700 1795 742 adfectib.
1827 702 1910 743 suis

192 767 405 808 indulsisse
434 766 623 807 videant.⁴
665 764 671 820 Ι
709 766 756 814 Q.
789 767 989 819 Sulpicius
1018 767 1241 820 Eugramus
1271 775 1312 808 et
1341 768 1491 808 Licinia
1522 768 1704 809 Ianuaria
1741 767 1912 823 parent.³

192 834 449 876 infelicissim.
467 835 493 875 f.
510 834 674 888 piissim.
691 835 766 876 sec.
784 841 823 875 et
838 835 912 876 sib.
930 849 970 888 p.
987 849 1019 877 s.
1052 845 1189 891 (Supra
1211 848 1318 890 pueri
1334 847 1454 889 togati
1469 847 1604 890 imago,
1626 848 1778 881 sinistra
1800 858 1911 881 manu

194 902 356 936 volumen
389 903 564 945 tenentis;
599 903 639 935 in
668 900 820 946 fastigio
854 913 987 936 corona
1017 904 1155 937 laurea.
1203 903 1258 936 Ab
1290 905 1446 946 utraque
1472 905 1578 945 parte
1604 904 1775 947 imaginis
1807 907 1843 937 et
1870 908 1910 938 in

194 960 372 994 volumine
396 961 638 1002 perscriptum
662 969 808 993 carmen
834 959 1008 993 Graecum
1032 961 1187 993 heroicis
1214 961 1375 993 versibus
1398 962 1624 1003 conceptum,
1655 960 1908 1028 praecedente)

194 1020 248 1061 Κ.
282 1016 555 1059 Σουλπικίου
597 1014 602 1070 Ι
642 1015 862 1071 Μαξίμου
900 1020 1094 1072 καίριον·
1138 1016 1143 1072 Ι
1198 1020 1327 1060 Τίσιν
1368 1034 1421 1059 αν
1460 1014 1609 1072 λόγοις
1649 1017 1655 1073 Ι
1693 1014 1909 1074 χρήσαιτο

194 1083 307 1136 Ζευς
334 1082 386 1140 Ι’
368 1085 589 1139 επιτιμῶν
614 1080 754 1141 Ἡλίῳ
788 1084 793 1141 Ι
831 1079 903 1129 ότι
929 1084 979 1129 τὸ
1013 1079 1134 1141 ἷίρμα
1165 1084 1300 1128 ε’ὄωκε
1332 1087 1578 1129 Φαέθοντι.
1619 1095 1742 1140 (Infra
1766 1096 1912 1130 titulum

195 1153 366 1187 Latinum
390 1154 654 1195 epigrammata
679 1153 750 1186 duo
777 1152 914 1187 Graeca
939 1153 989 1186 ad
1011 1153 1214 1197 Sulpicium
1238 1153 1440 1187 Maoeimum
1462 1152 1715 1197 pertinentia.)
1773 1171 1775 1173 ·

309 1220 440 1261 Romae
463 1232 539 1265 rep.
564 1222 613 1255 ad
635 1223 731 1255 viam
755 1221 937 1255 Salariam
962 1222 1060 1255 haud
1079 1222 1209 1265 procul
1231 1233 1253 1255 a
1276 1225 1385 1266 porta
1411 1222 1563 1263 Collina,
1588 1224 1640 1254 est
1662 1223 1703 1255 in
1726 1232 1819 1255 novo
1834 1231 1912 1255 mu·

195 1289 255 1312 seo
280 1278 484 1322 Capitolino
509 1278 637 1319 (lusor.
665 1277 725 1312 Gr.
750 1278 830 1313 Ital.
854 1289 890 1312 n.
907 1279 999 1313 2012
1025 1278 1118 1312 vidit
1141 1277 1280 1321 Kaibel,
1305 1280 1369 1321 qui
1394 1278 1530 1313 Graeca
1556 1280 1718 1312 carmina
1743 1280 1915 1312 tractavit

197 1338 312 1379 epigr.
339 1335 400 1369 Gr.
426 1346 472 1368 eze
497 1334 566 1378 lap.
592 1335 684 1368 conl.
708 1345 743 1369 n.
767 1335 859 1377 648).
892 1354 939 1360 —-
978 1337 1009 1378 1)
1034 1334 1276 1378 Significatur
1308 1338 1487 1369 certamen
1521 1335 1773 1379 Capitolinum,
1809 1337 1913 1368 euius

197 1395 344 1426 tertium
368 1393 522 1425 lustrum
543 1393 719 1434 agebatur
742 1403 775 1425 a.
791 1393 844 1426 94.
890 1393 946 1425 De
969 1394 1036 1426 lzoc
1059 1403 1174 1435 agone
1201 1392 1402 1436 Capitolino
1427 1391 1475 1432 cll
1490 1392 1734 1426 Friedllinder
1757 1391 1911 1434 Sitteng.

196 1450 220 1483 2
245 1449 315 1490 (ed.
332 1449 372 1494 ὅ)
396 1448 515 1491 ρ.457
526 1460 596 1492 seq.
620 1449 687 1483 575
701 1459 771 1492 seq.
807 1467 853 1473 —-
889 1450 924 1491 2)
954 1448 1037 1483 Νοη
1062 1451 1203 1492 primas
1234 1460 1313 1482 eum
1343 1449 1465 1482 tulisse
1496 1452 1647 1493 apparet
1677 1447 1832 1493 (Henz).
1867 1467 1914 1473 --

199 1507 233 1548 3)
258 1506 437 1539 Parentes.
462 1524 508 1530 —
531 1506 565 1547 4)
592 1505 804 1539 Videantur.

314 1608 427 1654 5178
484 1610 529 1649 L.
561 1610 714 1650 Valerio
744 1609 789 1649 L.
821 1610 847 1649 f.
890 1606 895 1663 Ι
937 1609 1119 1650 Pudenti.
1161 1609 1166 1665 Ι
1209 1610 1283 1650 Hic
1313 1622 1402 1650 cum
1434 1616 1538 1650 esset
1567 1607 1780 1665 annolrum
1808 1609 1912 1656 xm,

200 1679 347 1719 Romae
388 1679 394 1730 Ι
435 1678 651 1718 certamine
680 1690 792 1718 sacro
835 1675 840 1731 Ι
881 1677 983 1718 Iovis
1014 1677 1225 1730 Capitolini
1259 1675 1265 1732 Ι
1306 1678 1430 1718 lustro
1461 1677 1599 1717 sexto¹
1630 1674 1821 1732 clalritate
1849 1678 1912 1717 in-

200 1748 306 1800 genii
333 1747 339 1800 Ι
367 1752 580 1787 coronatus
611 1752 670 1786 est
695 1744 701 1800 Ι
728 1745 834 1786 inter
865 1752 1001 1798 poetas
1022 1743 1198 1800 La1tinos
1229 1745 1415 1785 omnibus
1440 1742 1447 1800 Ι
1473 1745 1668 1786 sententis
1696 1745 1883 1786 iudicum.
1906 1743 1913 1801 Ι

202 1816 303 1857 Huic
341 1815 454 1868 plebs
492 1812 687 1867 univer3sa
722 1813 971 1865 municipum
1002 1811 1299 1867 Hisltoniesium
1322 1817 1407 1861 (sic)
1446 1817 1615 1853 statuam
1656 1810 1663 1866 Ι
1703 1826 1793 1854 aere
1832 1814 1914 1854 col-

200 1885 278 1924 lato
310 1883 503 1931 decrevit3
530 1881 536 1936 Ι
572 1885 697 1922 curat.
730 1882 786 1921 rei
817 1895 855 1934 p.
880 1877 1132 1922 Aeserninor.
1165 1881 1255 1921 dato
1286 1880 1334 1920 ab
1361 1879 1367 1935 Ι
1404 1880 1499 1933 imp.
1531 1880 1680 1933 optimo
1711 1882 1915 1922 Antonino

201 1954 302 2005 Aug.
334 1951 402 1991 Pio
413 1951 440 1990 ².

317 2019 476 2051 Histonii
500 2017 571 2059 (IX
590 2018 679 2051 2860
703 2017 875 2050 viderunt
897 2015 1090 2050 Mommsen
1115 2018 1150 2048 et
1172 2016 1348 2058 Dressel).
1365 2034 1411 2040 —
1437 2017 1469 2058 1)
1492 2016 1546 2049 De
1570 2026 1687 2059 agone
1711 2015 1912 2059 Capitolino

203 2075 250 2116 cf:
275 2075 321 2110 Ν.
337 2076 423 2109 5477
446 2079 518 2109 not.
535 2075 567 2109 4.
615 2074 788 2108 Lustrum
813 2075 890 2107 eius
913 2077 1055 2107 seoetum
1079 2073 1213 2106 incidit
1235 2074 1274 2105 in
1297 2083 1330 2107 a.
1346 2073 1410 2107 406
1436 2072 1669 2117 (Censorinus
1691 2073 1735 2106 de
1759 2073 1818 2106 die
1839 2074 1915 2107 nat.

203 2134 260 2175 48,
285 2133 357 2177 45).
389 2152 431 2156 -
469 2133 503 2174 2)
528 2132 710 2165 Postrema
741 2129 842 2175 (inde
865 2141 887 2164 α
912 2133 1034 2173 curat.)
1065 2132 1190 2174 postea
1222 2128 1363 2170 addita,
1395 2130 1533 2162 seilicet
1562 2133 1717 2173 tempore
1740 2130 1916 2163 Antonini

203 2191 277 2232 Pii,
310 2199 379 2232 quo
404 2189 545 2222 Pudens
568 2191 677 2221 natus
701 2198 731 2222 c.
756 2198 788 2222 a.
805 2188 852 2222 95
876 2189 972 2220 recte
995 2189 1145 2220 cur-ator
1172 2187 1227 2219 rei
1245 2186 1414 2230 publicae
1436 2186 1521 2219 dari
1539 2188 1673 2229 potuit.

318 2291 430 2337 5179
490 2292 531 2333 C.
554 2291 798 2332 Concordius
821 2288 1017 2346 Syrialcus
1048 2303 1110 2343 eq.
1130 2290 1190 2339 R„
1222 2290 1380 2329 comm.¹
1411 2289 1509 2342 reip.
1537 2288 1542 2344 Ι
1570 2289 1798 2338 Benevent.‚
1826 2299 1914 2328 mu-

206 2362 385 2402 nerarius
426 2358 431 2414 Ι
472 2360 603 2409 bidui,
639 2365 755 2412 poeta
786 2359 951 2399 Latinus
989 2356 1217 2414 colronatus
1258 2358 1299 2397 in
1340 2358 1493 2397 mune.²
1528 2356 1689 2411 paltriae
1718 2367 1811 2397 suae
1842 2351 1914 2403 οῖ’,

205 2429 317 2470 vibus
344 2426 350 2482 Ι
376 2428 450 2470 sibi
480 2428 596 2477 fecit3
628 2428 695 2480 qui
725 2427 820 2467 vixit
845 2426 851 2482 Ι
879 2439 974 2468 ann.
997 2426 1119 2466 LVIII
1150 2439 1202 2466 m.
1224 2425 1274 2465 VI
1305 2426 1342 2466 d.
1367 2425 1436 2470 XII
1463 2424 1469 2480 Ι
1496 2425 1583 2465 hor.
1605 2424 1670 2465 111.
1698 2422 1705 2478 Ι
1731 2433 1792 2477 (In
1809 2432 1915 2466 titulo

205 2510 311 2540 iuaeta
335 2509 376 2540 ut
398 2506 543 2539 videtur
561 2507 698 2549 posito)
737 2495 894 2536 esterti⁴
920 2493 927 2548 Ι
962 2495 1114 2547 primus
1140 2494 1146 2549 Ι
1182 2493 1397 2534 Beneventi
1431 2491 1438 2548 Ι
1473 2491 1669 2533 studium⁶
1698 2489 1914 2547 orlchesto-

206 2565 338 2618 pales⁰
366 2563 371 2618 Ι
397 2564 615 2605 instituisti.

321 2632 512 2665 Beneventi
543 2630 611 2676 (IX
632 2630 719 2665 4665
751 2629 849 2663 solus
880 2630 1069 2673 descripsit
1095 2639 1186 2663 saec.
1211 2629 1315 2663 XVII
1346 2628 1518 2662 Vera-rius
1540 2627 1838 2666 Beneventanus).
1871 2643 1916 2649 —

211 2690 243 2731 1)
269 2688 612 2722 Commentariensis.
643 2707 688 2712 —
724 2687 758 2729 2)
783 2685 943 2719 Munere.
975 2704 1017 2710 —
1053 2686 1088 2727 3)
1113 2686 1233 2719 Insere
1257 2684 1386 2718 Romae
1409 2684 1465 2717 vel
1486 2683 1590 2717 aliud
1611 2683 1682 2716 loci
1705 2682 1915 2715 vocabulum

210 2744 415 2788 (Momms.).
429 2764 472 2769 —
489 2745 524 2787 4)
540 2744 711 2777 Fortasse
726 2754 816 2777 scr..·
841 2741 997 2777 Sesterti.
1034 2744 1219 2786 Agnomen
1235 2744 1312 2775 sine
1327 2741 1436 2774 dubio
1452 2741 1493 2774 id
1503 2740 1660 2784 Syriaci.
1672 2757 1717 2764 —
1734 2739 1768 2781 5)
1785 2737 1915 2772 Studia

209 2802 400 2835 Beneventi
423 2801 637 2834 dicebantur
661 2801 814 2842 collegia
840 2798 905 2840 (cf.
927 2800 962 2834 Ο.
977 2800 1005 2835 1.
1021 2799 1063 2833 L.
1087 2799 1136 2833 IX
1159 2810 1194 2843 p.
1210 2798 1306 2842 457).
1322 2815 1369 2822 —
1392 2798 1427 2839 6)
1453 2796 1605 2831 Videtur
1626 2794 1834 2838 significari
1853 2804 1916 2837 ge-

209 2868 277 2891 nus
301 2859 571 2891 excercitationis
598 2859 785 2900 praeterea
818 2858 994 2899 ignotum.
1041 2855 1102 2889 Ad
1124 2855 1340 2889 athletarum
1364 2852 1553 2895 collegium
1580 2853 1759 2895 pertinuit
1789 2851 1917 2885 titulus

213 2915 368 2948 Graecus
387 2925 500 2957 prope
524 2914 763 2947 Beneventum
786 2924 872 2957 rep„
897 2915 998 2947 cuius
1020 2911 1219 2952 frustulum
1243 2913 1295 2943 est
1316 2909 1426 2944 [mer.
1453 2908 1513 2944 Gr.
1538 2909 1619 2943 Ital.
1641 2909 1716 2944 694.
