2092 3360
267 203 348 242 140
1011 198 1132 245 eaput
1155 198 1220 234 XI.

377 315 490 362 4114
548 316 596 363 Q.
628 315 821 356 Domitius
847 311 854 369 Ι
880 314 1091 354 Aterianus
1120 319 1198 367 pat.
1223 311 1229 368 Ι
1263 319 1302 353 et
1332 312 1499 353 Domitia
1526 310 1532 368 Ι
1560 312 1701 352 Civitas
1730 317 1820 352 mat.
1852 310 1863 367 Ι
1895 313 1978 366 sig-

265 399 360 427 num
382 386 481 426 Attis
506 388 513 438 Ι
541 396 657 424 canu.
681 383 765 422 Ost.
787 382 824 422 d.
846 381 883 422 d.
906 385 962 429 (in
979 386 1113 420 latere.-
1136 397 1230 430 apeoe
1246 387 1430 430 Phrygius
1445 388 1480 419 et
1497 386 1630 426 lituus‚·
1655 386 1694 418 in
1710 385 1825 419 allero
1843 385 1976 418 latore.-

262 465 279 486 8
306 464 394 487 '‘ln-‘C
415 477 423 486 ι

279 464 303 498 y
373 453 492 542 O)stiae
507 516 581 549 rep.
605 515 719 548 prope
736 504 903 548 templum
922 504 1053 538 Matris
1069 504 1185 547 deum,
1209 506 1261 538 ibi
1277 503 1355 545 fere
1369 506 1432 538 ubi
1447 504 1493 539 N.
1509 504 1604 540 4445.
1621 503 1707 537 4162
1726 501 1827 544 (XIV
1839 503 1982 538 54-57—

263 564 462 607 descripsi).
492 582 536 587 —-
575 563 605 605 1)
629 562 780 595 Initium
809 563 1058 604 inscriptionis
1089 571 1245 596 erasum.
1278 580 1324 586 —
1361 562 1394 604 2)
1428 561 1538 595 Cuius
1565 560 1704 603 Fruges
1733 559 1790 593 vel
1820 560 1978 604 Phrygis

261 624 408 665 signum
427 619 603 654 Caecilius
619 619 761 652 Fuscus
785 619 976 652 donaverit
993 619 1246 661 cannophoris‚
1272 619 1471 652 obscurum.
1489 637 1531 642 —
1559 619 1594 659 3)
1619 615 1674 657 Cf.
1691 619 1753 652 vit.
1771 617 1922 660 Elagab.
1937 616 1959 652 7
1965 629 1979 650 .-

263 679 393 713 Matris
418 678 526 709 eliam
550 676 654 709 deum
678 686 783 708 sacra
808 676 947 718 accepit
971 678 1005 708 et
1028 675 1295 708 tauroboliatus
1319 678 1379 716 est,
1409 677 1452 707 ut
1475 677 1602 719 typum
1627 677 1782 717 eriperet
1804 677 1867 708 cet.

374 766 488 813 4115
546 767 709 808 Numini
739 767 839 808 Attis
870 767 912 808 C.
945 767 1127 807 Cartilius
1160 766 1312 820 Euplus
1343 779 1390 807 ex
1420 766 1574 806 monitu
1606 766 1742 807 deae&

379 836 498 869 Ostiae
521 845 607 877 rep„
631 835 684 867 ibi
697 833 777 874 fere
799 835 863 867 ubi
879 845 940 867 eae
957 844 1048 878 quae
1061 833 1294 877 praecedunt,
1318 835 1462 876 signum
1487 833 1545 866 dei
1568 834 1720 866 iacentis
1736 828 1980 867 marmoreum‘

262 893 372 935 (XIV
385 894 433 928 58
457 893 552 933 vidi‚·
575 893 697 934 imago
721 892 821 933 signi
845 901 924 924 cum
947 892 1184 934 inscriptione
1209 893 1262 922 est
1286 889 1510 923 Monumenti
1532 889 1616 922 dell'
1639 889 1808 924 Instituto
1831 889 1901 923 vol.
1926 888 1981 923 IX

264 953 334 984 tab.
350 952 388 984 8⁸
411 949 473 990 fig.
489 948 541 993 2).
566 966 612 971 ——
639 949 670 987 1)
694 947 825 981 Mati-[s
849 949 963 981 deum.

375 1039 489 1087 4116
528 1041 606 1081 Atti
631 1039 638 1095 Ι
666 1040 708 1081 C.
731 1041 929 1081 Antonius
955 1038 962 1094 Ι
988 1039 1189 1093 Eutyches
1219 1035 1563 1093 arlehidendroph.
1592 1037 1598 1094 Ι
1624 1052 1698 1093 pro
1721 1040 1847 1082 salute
1876 1052 1946 1081 sua
1969 1038 1975 1093 Ι

292 1111 407 1152 osuit.

262 1125 287 1165 p
379 1177 497 1210 Tomis
520 1187 608 1218 rep„
634 1179 685 1208 est
710 1175 854 1208 Parinis
879 1174 954 1218 (III
972 1174 1039 1209 763
1063 1175 1155 1208 vidit
1179 1174 1402 1217 Mommsen).

374 1267 489 1314 4117
529 1271 792 1317 (fragmentum
815 1270 970 1316 statuae)
1001 1272 1138 1307 sancto
1169 1267 1291 1307 Auidi
1323 1279 1492 1317 sacrum,
1520 1267 1527 1323 Ι
1555 1268 1681 1308 Genio
1712 1268 1976 1309 dendroforo-

260 1350 348 1378 rum
380 1337 423 1378 C.
441 1333 634 1392 Metlteius
655 1335 891 1389 Exuperans
921 1332 1197 1391 dendroforlus
1227 1336 1491 1377 decretarius¹
1522 1336 1571 1376 de
1592 1349 1665 1377 suo
1689 1336 1795 1386 fecit,
1826 1333 1977 1394 liblenti

263 1406 396 1446 animo
427 1404 631 1445 dedicavit.

375 1471 551 1505 Rusicade
569 1468 848 1515 (Plzilippeville)
873 1471 912 1502 in
935 1469 1110 1505 Numidia
1136 1469 1245 1516 (VIII
1255 1471 1342 1505 7956
1367 1469 1413 1511 cll
1428 1481 1464 1514 p.
1482 1470 1567 1505 4878
1588 1471 1758 1505 viderunt
1775 1471 1979 1506 Wilmanns

261 1532 296 1562 et
320 1528 508 1572 Schmidt).
532 1547 575 1552 —
603 1529 635 1571 1)
658 1527 830 1560 Fortasse
855 1527 1123 1571 dendrophorus
1145 1527 1267 1568 factus
1296 1539 1342 1561 ex
1366 1528 1507 1561 decreto
1533 1528 1855 1571 quindecimvirum
1876 1529 1978 1561 urbis

260 1586 392 1620 Romae
409 1584 613 1627 (Momm).

377 1675 492 1722 4118
549 1676 663 1716 Matri
703 1676 820 1716 deum
855 1674 861 1729 Ι
897 1688 1064 1728 magnae
1103 1676 1216 1717 ldeae
1250 1676 1258 1731 Ι
1292 1677 1507 1730 Pompeius
1546 1677 1802 1718 Rusonianus
1835 1678 1842 1731 Ι
1881 1690 1976 1726 cos„

261 1746 389 1787 XVvir
417 1745 539 1786 sacris
566 1742 572 1800 Ι
598 1743 794 1784 faciundis
807 1743 833 1793 ¹,
861 1742 866 1798 Ι
894 1744 1161 1785 taurobolium
1192 1744 1349 1785 movit².

375 1813 490 1854 Pr0pe
517 1811 647 1845 Gabios
680 1821 754 1854 rep.
779 1821 847 1844 ara
878 1810 986 1851 (XIV
1000 1811 1088 1845 2790
1117 1812 1224 1845 semel
1253 1812 1432 1855 descripta
1455 1822 1548 1846 saec.
1573 1811 1697 1845 XVIII
1724 1814 1887 1855 exeunte,
1919 1821 1978 1845 ae-

260 1872 386 1902 eurate
407 1872 450 1902 ut
471 1866 644 1913 videtur).
668 1887 714 1892 -
749 1869 779 1910 1)
806 1867 851 1903 Ut
874 1868 1136 1911 quindecimvir
1158 1871 1273 1902 sacris
1294 1868 1479 1909 faciundis
1500 1871 1722 1902 memoratur
1744 1869 1785 1901 in
1809 1869 1902 1902 actis
1925 1868 1979 1901 lu-

260 1926 389 1959 dorum
412 1925 657 1959 saecularium
682 1936 715 1958 a.
731 1926 818 1966 204;
842 1923 890 1964 cf.
914 1924 1005 1968 Eph.
1030 1935 1082 1968 ep.
1099 1927 1122 1958 8
1145 1936 1181 1968 p.
1197 1926 1278 1960 295.
1301 1945 1346 1950 —
1381 1926 1415 1968 2)
1441 1923 1494 1965 cr.
1518 1923 1621 1965 infra
1644 1924 1690 1958 N.
1706 1923 1839 1969 445718.

373 2028 487 2075 4119
545 2029 659 2082 Matri
693 2028 697 2084 Ι
735 2030 851 2070 deum
886 2026 893 2084 Ι
927 2029 1195 2070 taurobolium
1225 2028 1451 2085 indictum!
1487 2029 1595 2070 iussu
1626 2029 1751 2082 ipsius
1788 2042 1836 2070 ex
1874 2029 1978 2083 stipe

262 2099 417 2139 conlata
445 2097 450 2153 Ι
479 2097 735 2138 celebrarunt
764 2097 924 2150 publice
953 2098 1129 2138 Narbon.

374 2163 545 2199 Narbone
569 2164 656 2205 (XII
674 2163 764 2198 4321
788 2165 896 2198 semel
916 2167 959 2197 ut
979 2165 1124 2198 videtur
1146 2165 1209 2198 sed
1231 2168 1400 2198 accurate
1425 2164 1605 2207 descripta
1628 2174 1722 2199 saec.
1738 2162 1868 2209 XVII).

373 2255 488 2316 4120
546 2257 712 2311 imperio
753 2256 790 2297 d.
822 2257 873 2297 M.
904 2255 1183 2313 tauroflpolium
1219 2258 1467 2310 provinciae¹
1505 2256 1511 2313 Ι
1546 2264 1673 2305 (caput
1695 2263 1832 2305 arietis,
1865 2263 1977 2304 caput

262 2332 376 2373 bovis)
405 2323 411 2380 Ι
435 2325 706 2366 Narbonensis
733 2322 739 2380 Ι
766 2326 913 2365 factum
944 2338 1018 2378 per
1048 2326 1089 2367 C.
1112 2326 1322 2367 Batonium
1348 2325 1355 2381 Ι
1383 2327 1558 2367 Primum
1589 2323 1972 2380 flaminem·Augg.‚l

260 2407 335 2447 pro
372 2394 497 2435 salute
536 2394 789 2434 dominorum
830 2390 837 2448 Ι
878 2393 1000 2446 impp.
1033 2394 1077 2434 L.
1110 2394 1276 2447 Septimi
1315 2394 1448 2436 Severi
1489 2393 1497 2448 Ι
1536 2393 1595 2435 Pii
1624 2394 1843 2435 Pertinacis
1873 2395 1973 2447 Aug.

260 2460 428 2513 Aralbici
459 2462 689 2503 Adiabenici
722 2459 902 2514 Parthilci
934 2462 1091 2502 maximi
1122 2468 1160 2502 et
1190 2463 1240 2502 M.
1257 2462 1391 2503 Aureli
1418 2464 1424 2513 Ι
1450 2464 1541 2503 Ant.
1563 2462 1679 2514 Aug.²
1707 2491 1916 2502 ........

376 2527 546 2562 Narbone
571 2528 659 2572 (XII
679 2529 774 2562 4523
799 2530 852 2561 bis
867 2531 910 2561 ut
923 2529 1068 2562 videtur
1092 2529 1268 2572 descripta
1291 2527 1688 2570 saee.XVI--XVIII).
1707 2546 1751 2552 —
1778 2531 1811 2571 ἒ)
1839 2528 1975 2562 Tauro-

259 2585 399 2628 polium
419 2587 630 2628 provinciae
653 2587 705 2618 est
726 2586 833 2618 etiam
857 2586 898 2619 in
918 2584 1125 2628 fragmento
1149 2585 1378 2620 Narbonensi
1393 2585 1465 2620 XII
1483 2586 1587 2620 4529.
1610 2603 1657 2609 -—
1682 2586 1715 2628 2)
1738 2583 1889 2628 Reliqua
1914 2585 1973 2619 de-

260 2641 391 2681 ficiunt
414 2643 540 2683 (Gelae
563 2652 691 2675 nomen
715 2642 793 2674 sine
818 2642 925 2675 dubio
950 2646 1132 2685 erasum),·
1161 2643 1317 2686 lapidem
1340 2640 1501 2682 fractum
1525 2641 1636 2682 sitisse
1659 2651 1734 2674 non
1758 2642 1929 2675 traditur.

373 2732 485 2779 4121
541 2735 654 2774 Matri
687 2735 804 2775 deum
847 2732 853 2788 Ι
894 2735 1034 2788 Pomp.
1057 2735 1302 2785 Philumene,
1330 2732 1336 2790 Ι
1370 2747 1472 2787 quae
1505 2734 1633 2788 prima
1671 2730 1932 2791 L[a]etor[a]e
1961 2731 1970 2788 Ι

261 2802 525 2842 taurobolium
553 2801 559 2855 Ι
586 2803 689 2843 fecit.

375 2868 553 2902 Laetorae
569 2869 777 2911 (Lectoure)
803 2870 842 2903 in
863 2869 1063 2913 Aquitania
1087 2870 1190 2912 (XIII
1204 2871 1270 2904 504
1293 2868 1401 2903 semel
1418 2867 1474 2901 vel
1488 2868 1541 2901 bis
1557 2867 1738 2915 descripta
1753 2878 1846 2904 eaeo.
1857 2867 1976 2913 XVI).

374 2947 489 2995 4122
547 2951 598 2993 Μ.
629 2950 747 2990 deum
773 2950 780 3000 Ι
806 2949 879 2990 lul.
912 2950 1117 2993 Valentina
1148 2950 1156 3006 Ι
1191 2957 1230 2992 et
1260 2949 1384 3004 Hygia
1414 2944 1627 3005 Sil[o]nae¹
1663 2946 1672 3002 Ι
1707 2948 1972 3002 tauropolium

261 3012 467 3066 felem-um,
506 3017 572 3058 XV
601 3018 639 3060 k.
670 3019 766 3060 Nov.
810 3016 816 3072 Ι
858 3019 940 3060 Pol.
981 3026 1021 3060 et
1057 3021 1166 3074 Apro
1203 3018 1313 3067 eos&
1341 3017 1348 3071 Ι
1387 3016 1592 3058 sacerdote
1622 3014 1832 3069 Zmiulthio
1871 3016 1970 3057 Pro·

262 3084 441 3124 culiani³.
