2092 3360
369 153 485 192 Tituli
508 154 606 191 sacri
629 155 668 191 et
690 153 934 191 sacerdotum.
954 173 995 179 —
1020 152 1182 190 Numina
1198 152 1341 190 Galliae
1356 155 1395 190 et
1410 152 1642 191 Germaniae.
1781 152 1863 192 235

150 259 237 304 4890
250 279 286 313 p.
299 269 399 314 254).
414 287 459 294 -
486 270 519 311 1)
542 270 704 313 Apparet
726 266 820 301 idem
846 268 1057 302 vocabulum
1082 279 1104 301 a
1127 268 1206 310 filio
1229 268 1455 302 Freiattonis
1477 268 1687 303 Germanice
1707 268 1816 309 flecti,
1840 277 1865 301 a

150 325 310 360 Cominio
335 326 517 361 Primione
538 325 670 360 Latine
694 324 878 365 (similiter
900 335 1011 368 supra
1035 324 1080 359 N.
1098 326 1194 365 4799,
1219 326 1302 358 item
1326 326 1528 360 Brambacli
1542 325 1638 369 642).
1686 322 1741 364 Ol:
1759 323 1866 358 Μυσὴ

147 382 321 418 Zeilschr.
345 381 413 424 [ἄν
436 383 616 417 deutsekes
639 381 844 416 Alterlltum
866 382 926 424 55,
949 381 1034 415 4894
1056 392 1094 425 p.
1109 382 1275 425 5155051„
1298 383 1370 417 525
1382 394 1455 426 seq.
1477 401 1522 408 -
1547 383 1582 425 2)
1606 381 1791 416 Friattius
1816 383 1868 414 est

148 442 189 473 in
206 443 230 474 t.
248 440 512 484 Agrippinensi
531 438 663 474 Westd.
682 437 1023 482 Korrespondenzbl.
1040 439 1096 481 42,
1113 439 1203 474 4895
1222 450 1261 483 p.
1276 441 1332 480 95,
1362 440 1582 474 Freioverus
1605 439 1695 472 civis
1722 436 1868 480 Tunger

146 507 257 540 supra
282 496 327 531 Ν.
343 498 445 532 2575.

151 553 1868 634 mm

149 655 189 688 et
214 645 220 702 Ι
247 647 330 688 suis
360 659 407 687 ex
438 642 560 702 i[mp.]
590 644 597 700 Ι
623 659 661 698 p.
684 659 722 699 p.
754 659 785 686 s.
810 646 859 686 s.¹

262 724 377 772 4809
426 726 619 766 Matronis
644 724 651 780 Ι
681 721 1012 782 [V]alabneilabus
1043 726 1090 773 Q.
1122 724 1350 782 Prilminius
1380 722 1552 783 Ap[t]lus
1581 738 1616 764 v.
1637 738 1668 765 s.
1689 725 1715 765 1.
1738 736 1789 764 m.

262 793 381 839 4810
427 824 568 834 .....
597 793 603 845 1
630 793 1003 849 Vallamneilhiabus
1030 791 1035 849 Ι
1063 794 1159 835 lulia
1190 794 1330 835 Geneti
1359 793 1364 849 Ι
1392 796 1417 834 f.
1439 795 1545 835 Lella
1572 792 1578 848 Ι
1606 807 1655 834 ex
1683 792 1866 847 imperio.

258 861 427 895 Coloniae
442 862 671 905 Agrippinae
695 862 782 895 haec
805 872 880 904 rep.
905 864 990 895 ante
1013 873 1045 895 a.
1063 862 1161 904 4840,
1184 861 1270 894 illae
1294 871 1328 894 a.
1347 861 1435 894 4892
1460 858 1720 904 (Klinkenberg
1741 859 1867 894 Korre-

149 918 377 962 spondenzbl.
394 917 427 952 d.
448 918 581 953 Wesld.
598 918 774 952 Zeitsclzr.
791 918 880 952 4892
900 929 939 961 p.
955 917 1016 952 404
1023 931 1037 960 ,-
1067 918 1269 951 Brambach
1286 928 1321 951 n.
1337 918 1411 953 555
1436 916 1483 957 cll
1503 916 1741 960 Klinkenberg·
1766 917 1789 952 l.
1808 917 1868 961 c.).

148 994 195 1001 -—
222 978 253 1015 1)
285 974 365 1009 Non
388 975 614 1018 intellegitur
637 976 748 1018 ([i]ps.
772 985 801 1009 s.
825 976 876 1017 [1.]
903 975 1084 1017 intellegit
1106 975 1253 1017 editor).

263 1056 379 1103 4811
428 1057 618 1099 Matribus
652 1055 658 1112 Ι
694 1057 918 1110 Mopatibus
953 1055 959 1111 Ι
999 1057 1082 1097 suis
1116 1055 1123 1112 Ι
1156 1057 1207 1096 Μ.
1230 1056 1413 1096 Liberius
1446 1053 1453 1111 Ι
1488 1055 1622 1096 Victor
1655 1054 1662 1109 Ι
1696 1055 1821 1097 cives¹
1859 1052 1866 1109 Ι

151 1127 321 1167 Nervius
346 1124 352 1181 Ι
381 1139 471 1179 neg.
502 1125 596 1166 fru.²
620 1124 627 1180 Ι
655 1138 688 1165 ν.
709 1138 741 1165 s.
763 1126 789 1165 l.
809 1138 862 1165 m.

264 1194 457 1238 szy’megen
482 1191 746 1238 (Noviomogi)‚
778 1193 831 1225 ibi
852 1192 916 1224 ubi
938 1190 985 1226 N.
1000 1191 1093 1226 5498
1117 1190 1337 1235 (Brambach
1358 1190 1398 1224 74
1428 1193 1492 1234 qui
1515 1191 1636 1236 vidit).
1671 1209 1718 1216 —
1755 1192 1786 1233 1)
1814 1189 1869 1231 Cf.

157 1251 204 1287 N.
221 1252 311 1287 4655
335 1254 408 1285 not.
425 1251 461 1284 2.
484 1268 529 1274 -
552 1250 587 1292 2)
611 1247 831 1291 Negotiator
851 1247 1128 1288 frumentarius.

265 1307 396 1342 Nullae
423 1305 576 1347 fuerunt
606 1305 743 1339 Matres
768 1305 1139 1348 Quadruburgienses,
1172 1306 1300 1348 quibus
1323 1304 1509 1338 dedicatus
1530 1303 1719 1344 serebatur
1742 1304 1870 1338 titulus

155 1365 260 1399 Orell.
275 1365 365 1399 2090
380 1363 474 1397 male
488 1362 683 1406 suppletus,
709 1361 756 1402 cll
773 1363 976 1396 Brambaclz
991 1362 1054 1396 466
1060 1375 1073 1403 ,·
1097 1362 1175 1395 Ihm
1199 1372 1284 1396 ann.
1298 1360 1407 1395 Rhen.
1422 1362 1482 1403 85,
1498 1361 1584 1395 4887
1598 1371 1634 1404 ρ.
1647 1361 1713 1395 455
1729 1372 1764 1395 n.
1782 1362 1869 1396 555.

264 1443 379 1490 4812
427 1443 619 1486 Matribus
646 1442 652 1499 Ι
678 1444 830 1485 Elitivis
856 1442 863 1500 Ι
890 1444 1047 1497 Capella
1077 1444 1187 1485 Tessi
1219 1440 1301 1500 [f.]¹
1328 1440 1334 1497 Ι
1361 1456 1395 1483 V.
1416 1456 1448 1483 s.
1470 1442 1495 1482 Ι.
1517 1455 1569 1481 m.

265 1513 317 1547 St.
337 1512 495 1546 Christo!
519 1522 635 1555 prope
667 1511 925 1555 Carpentorate
956 1510 1211 1556 (Carpentras)
1247 1510 1386 1544 Galliae
1409 1508 1654 1543 Narbonensis
1685 1519 1760 1552 rep.
1785 1508 1871 1553 (XII

151 1570 234 1605 4174
257 1570 351 1603 vidit
373 1569 538 1608 Allmer).
562 1588 606 1593 —
633 1571 667 1609 1)
695 1568 756 1602 Sic
780 1569 935 1602 coniecit
958 1566 1128 1608 Hirschfi,
1162 1566 1389 1610 Capenatessi
1415 1566 1587 1599 traditur.

266 1648 380 1695 4813
429 1650 564 1690 Matris
595 1652 694 1702 Aug.
721 1649 728 1704 Ι
755 1649 990 1689 Eburnicis²
1017 1646 1023 1703 Ι
1050 1648 1095 1688 L.
1117 1648 1190 1688 Iul.
1214 1648 1375 1688 Sammo
1401 1646 1407 1702 Ι
1436 1655 1475 1687 et
1496 1677 1506 1687 .
1524 1677 1535 1687 .
1553 1676 1564 1686 .
1581 1676 1592 1686 .

273 1715 408 1751 Yvours
427 1727 542 1760 prope
564 1716 784 1759 Lugdunum
809 1716 915 1760 (XIII
935 1716 1020 1750 4765
1045 1715 1239 1749 delineavit
1265 1713 1453 1758 Boissieu).
1468 1733 1514 1739 —
1540 1715 1572 1756 1)
1596 1713 1783 1747 Eburnum
1807 1723 1871 1747 no-

153 1785 234 1808 men
258 1773 369 1814 fuisse
390 1783 486 1816 pago
516 1772 650 1807 Yvoun
671 1773 858 1815 probabile
881 1775 934 1805 est
958 1771 1119 1816 (Boiss).

268 1865 382 1912 4814
430 1867 621 1907 Matribus
647 1864 653 1921 Ι
681 1866 872 1907 Adcultus
897 1865 904 1920 Ι
930 1865 1166 1906 Vassedonis
1196 1866 1222 1905 s.
1250 1862 1257 1919 Ι
1283 1877 1318 1904 v.
1340 1878 1371 1905 s.
1394 1865 1418 1904 l.
1441 1877 1494 1904 m.

268 1945 382 1992 4815
432 1946 630 1987 Matrabus
657 1944 664 1999 Ι
691 1959 724 1986 ν.
746 1959 778 1986 s.
799 1945 824 1984 l.
846 1958 899 1985 m.
927 1942 934 1997 Ι
961 1945 1122 1984 Euneos
1152 1944 1242 1984 Sex.
1271 1941 1277 1997 Ι
1304 1943 1440 1983 Afrani
1470 1943 1511 1982 l.¹

269 2025 404 2072 48158
433 2026 631 2066 Matrabus
656 2024 665 2077 Ι
691 2025 780 2064 Sex.
798 2020 983 2080 Co[e]lius
1008 2022 1014 2078 Ι
1042 2023 1152 2075 Nigri
1180 2023 1248 2066 lib.
1277 2020 1283 2077 Ι
1311 2023 1536 2075 lngenuus’
1557 2025 1632 2070 (vir
1646 2029 1746 2059 stans
1760 2035 1872 2059 manu

154 2107 181 2131 s.
206 2094 382 2138 fruges[?]
407 2093 557 2137 tenens).

274 2152 429 2186 Vasione
452 2150 510 2183 vel
529 2159 642 2194 prope
669 2148 860 2182 Vasionem
883 2150 923 2180 ut
946 2146 1091 2180 videtur
1121 2146 1205 2191 (XII
1229 2146 1327 2181 4504.
1351 2147 1450 2181 4509.
1473 2145 1562 2180 4506
1589 2145 1638 2179 ad
1660 2146 1872 2189 apographa

156 2208 258 2250 facta
282 2218 373 2242 saec.
390 2206 475 2242 XVI
496 2206 553 2239 vel
573 2204 703 2245 XVII).
728 2223 774 2229 —
807 2206 839 2246 1)
863 2203 1028 2237 Libertus
1050 2202 1206 2243 fortasse
1228 2201 1305 2243 fuit
1329 2202 1413 2236 Sex.
1429 2201 1583 2243 Afranii
1605 2202 1720 2236 Burri
1743 2202 1871 2246 (supra

157 2265 204 2300 N.
218 2266 307 2301 4524
307 2270 338 2307 ).
364 2284 406 2289 —
439 2266 471 2305 2)
498 2263 664 2296 Libertus
686 2261 762 2301 fuit
786 2260 868 2295 Sex.
887 2260 999 2294 Coelii
1020 2259 1147 2302 Nigri,
1177 2258 1248 2293 XII
1267 2261 1367 2294 5864.

272 2344 390 2391 4816
433 2349 547 2394 (intra
572 2350 757 2390 coronam)
783 2342 916 2382 Matris
942 2340 948 2396 Ι
977 2341 1137 2381 Mithres
1161 2353 1242 2381 soc.
1266 2340 1331 2381 xl.
1352 2341 1416 2381 vil.
1444 2340 1451 2395 Ι
1477 2341 1525 2381 ad
1547 2341 1657 2380 Τιιικι
1685 2337 1691 2394 Ι
1719 2339 1762 2379 L.
1783 2339 1873 2379 Xlll

188 2446 197 2456 .
228 2429 263 2456 a.
285 2413 367 2454 Vl.2

158 2429 184 2470 p
271 2481 449 2516 Allondaz
472 2490 589 2524 prope
612 2477 821 2511 Albertville
846 2478 886 2509 in
909 2475 1042 2517 finibus
1065 2476 1302 2519 Allobrogum
1327 2475 1414 2517 (XII
1434 2477 1530 2510 2548
1552 2472 1759 2514 Hirschfeld
1780 2473 1875 2507 vidit

160 2538 355 2584 ectypum).
388 2556 431 2562 —
467 2539 499 2579 1)
524 2536 713 2570 Sociorum
738 2534 1034 2578 quadragesimae
1059 2532 1124 2573 (cf.
1148 2544 1260 2577 supra
1283 2532 1330 2568 N.
1347 2533 1437 2566 4852
1449 2534 1538 2575 seq.)
1563 2531 1692 2565 vilicus
1716 2530 1765 2564 ad
1790 2529 1875 2564 Tur.

161 2599 307 2638 (nomen
338 2595 425 2637 loci,
459 2593 502 2627 de
532 2603 601 2636 quo
626 2595 818 2636 praeterea
842 2602 888 2623 ex
912 2591 1128 2632 antiquitate
1157 2591 1251 2623 nihil
1274 2590 1445 2631 traditur,
1476 2589 1539 2622 sed
1562 2598 1666 2631 quem
1687 2588 1801 2627 titisse
1823 2588 1876 2620 ibi

162 2655 226 2687 ubi
249 2652 354 2687 hodie
377 2653 430 2684 est
457 2650 627 2685 Toumon
648 2651 798 2692 propter
820 2648 976 2680 nominis
998 2646 1274 2680 similitudinem
1295 2647 1499 2688 suspicatus
1523 2647 1575 2678 est
1597 2644 1764 2689 Allmer).
1809 2643 1872 2676 Vi·

162 2710 268 2743 detur
302 2710 368 2742 hoc
400 2708 477 2742 loco
513 2705 628 2746 fuisse
656 2707 796 2739 mansio
827 2704 923 2738 dicta
959 2703 1008 2736 ad
1035 2703 1249 2737 Publicanos
1283 2704 1363 2736 viae
1392 2703 1558 2744 Augusta
1587 2701 1777 2735 Praetoria
1810 2711 1876 2744 per

162 2766 287 2810 Alpem
313 2764 461 2799 Graiam
486 2762 662 2801 Viennam
688 2762 849 2796 ducentis
874 2760 961 2805 (tab.
978 2760 1098 2803 Peut.,·
1121 2762 1161 2794 it.
1185 2761 1270 2794 Ant.
1290 2771 1326 2804 p.
1341 2759 1440 2801 545).
1463 2777 1510 2783 -
1540 2759 1574 2799 2)
1599 2757 1695 2791 Haec
1718 2757 1875 2800 eoeplica-

163 2824 273 2857 tionis
295 2824 456 2855 incertae
481 2818 545 2864 (cs.
570 2818 730 2859 Hirschfi
756 2822 790 2852 et
813 2818 971 2852 Momms.
997 2816 1046 2849 ad
1067 2815 1139 2850 XII
1159 2815 1182 2850 1.
1200 2816 1260 2860 c.).

276 2900 392 2948 4817
436 2901 570 2943 Matris
602 2903 700 2952 Aug.
729 2898 735 2955 Ι
761 2899 802 2940 in
834 2900 1028 2939 honorem
1056 2894 1062 2952 Ι
1088 2897 1230 2938 domus
1259 2896 1488 2938 Saediorum
1515 2894 1522 2949 Ι
1548 2894 1748 2947 Eutyches
1777 2893 1843 2934 lib.
1866 2890 1874 2948 Ι

165 2972 302 3012 aedem
332 2982 423 3011 cum
453 2982 519 3010 ara
546 2967 552 3024 Ι
579 2968 656 3009 dat.

281 3037 455 3080 Lugduni
478 3035 582 3081 (XIII
602 3036 688 3070 4759
713 3035 805 3068 vidit
830 3031 1062 3074 Hirschfeld).
