2092 3360
336 165 452 202 Tituli
476 165 574 202 sacri
597 168 635 202 et
656 166 899 202 sacerdotum.
924 185 970 191 —
993 165 1095 202 Servi
1117 165 1256 212 pubIIci
1281 165 1532 202 sacerdotibus
1556 165 1737 203 attributi.
1814 166 1898 205 261

296 279 429 315 Romae
453 279 525 324 (VI
542 280 637 315 2548
659 279 850 324 aliquoties
873 280 1052 324 descripta
1076 291 1167 316 saec.
1189 280 1302 325 XVI).
1326 299 1372 305 —
1398 282 1431 322 1)
1456 279 1556 315 Publ.
1574 279 1597 314 f.
1614 284 1650 314 et
1673 279 1731 313 vel
1753 279 1847 325 publ.
1866 290 1897 315 e.

182 341 218 372 et
243 338 299 372 vel
319 337 414 382 publ.
432 343 468 372 et
491 338 714 382 apographa.
730 356 775 362 ——
798 338 834 380 2)
859 336 1004 371 Volusii
1026 338 1065 371 ln·
1089 338 1266 382 quomodo
1290 338 1477 371 coniuncti
1496 335 1637 378 fuerint
1661 347 1742 371 eum
1760 338 1898 371 duobus

181 395 391 438 Apolaustie
415 397 449 428 ee
473 394 569 428 lusto
594 396 658 438 qua·
675 394 910 438 praecedunt,
934 404 1007 427 non
1033 397 1193 438 apparet.

295 486 408 533 4985
447 488 486 528 d.
508 500 561 528 m.
588 485 595 542 Ι
623 487 821 540 Graphico
843 486 1004 540 publico
1026 486 1226 527 Maeciano
1251 486 1443 527 sodalium
1465 486 1625 535 Titium,
1655 485 1660 540 Ι
1687 469 1895 527 Scribonia

182 556 383 610 Syntyche
413 556 574 608 coniugi
603 555 809 596 karissimo
839 555 932 595 fecit
965 557 972 606 Ι
1009 562 1048 595 et
1077 555 1150 596 sihi
1182 561 1221 596 et
1248 554 1330 596 suis
1358 555 1609 608 posterisque
1640 567 1791 595 eorum.
1849 554 1896 595 ln

181 626 229 664 fr.
259 638 298 678 p.
320 623 401 673 v11,
431 624 473 665 in
503 636 566 677 ag.
597 637 636 677 p.
657 623 742 664 ΧΠ.

293 691 515 733 Florentiae,
540 693 696 734 originis
719 694 761 724 ut
784 690 927 724 videtur
949 690 1111 723 urbanae
1143 689 1215 733 (VJ
1233 690 1327 723 5882
1351 689 1460 722 semel
1482 689 1690 733 descripta).

291 770 406 818 4986
450 773 646 826 Agathoni
677 773 787 826 publ.
822 771 828 827 Ι
871 771 1020 812 Siliano
1051 783 1073 811 a
1103 770 1225 812 sacris
1256 771 1263 826 Ι
1305 771 1426 811 sodal.
1458 771 1674 824 Augustal„
1716 769 1722 825 Ι
1763 770 1892 812 Coelia

179 841 354 881 Primilla
381 839 387 895 Ι
414 841 574 894 coniugi
606 841 894 895 beneflmereuti
924 839 1070 893 posuit.

294 906 426 941 Romae
448 918 523 951 rep.
548 908 597 941 ad
619 910 715 941 viam
736 908 894 951 Appiam
916 917 991 941 una
1015 916 1096 940 eum
1121 905 1166 940 N.
1184 907 1274 940 4995
1298 905 1371 950 (VJ
1389 907 1490 941 2525
1513 906 1605 940 vidit
1628 906 1802 951 Henzen).

291 986 404 1034 4987
453 989 490 1029 d.
520 1001 573 1029 m.
600 992 606 1040 Ι
633 988 805 1042 Epigoni
835 987 944 1041 publ.
973 987 979 1042 Ι
1009 987 1200 1028 sodalium
1235 986 1242 1041 Ι
1277 987 1515 1035 Flavialium,
1551 986 1557 1043 Ι
1594 988 1786 1029 Crescens
1816 994 1856 1028 et
1881 986 1890 1043 Ι

179 1056 426 1097 Abascantus
452 1055 459 1110 Ι
485 1057 659 1109 collegae
689 1057 773 1097 eius
798 1054 804 1111 Ι
831 1055 870 1096 b.
901 1068 954 1095 m.

291 1123 423 1158 Romae
436 1133 550 1168 prope
564 1123 728 1166 sepulcra
747 1122 977 1156 Statiliorum
993 1132 1067 1165 rep.
1094 1122 1200 1166 (Eph.
1218 1124 1332 1166 epigr.
1348 1124 1379 1163 4,
1395 1123 1460 1156 884
1486 1123 1580 1156 vidit
1594 1122 1847 1167 Lancianius).

289 1202 406 1250 4988
453 1204 491 1244 d.
522 1216 574 1244 m.
601 1203 608 1257 Ι
636 1234 645 1244 .
669 1234 679 1243 .
702 1234 712 1243 .
735 1233 745 1244 .
768 1205 793 1244 .¹
824 1204 965 1244 Savina
995 1203 1055 1243 Ti.
1085 1200 1274 1260 Clau[dt'o]
1311 1201 1317 1259 Ι
1351 1203 1502 1244 Isidoro
1542 1210 1581 1244 et
1609 1204 1685 1245 sibi
1715 1210 1755 1245 et
1785 1204 1893 1244 One-

177 1270 306 1330 si[mo]
334 1270 340 1328 Ι
367 1273 520 1312 Iuliano
541 1270 703 1324 publico
724 1284 772 1312 ex
796 1268 1018 1327 sacer[dot.]
1047 1270 1054 1327 Ι
1081 1272 1292 1313 Aureliano
1313 1273 1543 1314 Antoniano
1561 1276 1646 1322 (sie)
1666 1266 1892 1328 Veria[no]1

178 1347 218 1382 et
247 1340 399 1381 libertis
428 1339 609 1380 libertab.
642 1352 680 1392 q.
710 1336 888 1396 pos[ter.]
917 1339 923 1395 Ι
950 1353 988 1392 q.
1021 1352 1174 1380 eorum.

290 1405 422 1440 Romae
447 1406 520 1451 (Vl
539 1407 635 1442 2524
658 1407 754 1440 vidit
775 1408 947 1449 Henzen).
971 1426 1017 1432 —-—
1043 1409 1076 1449 1)
1099 1407 1238 1442 Nomen
1261 1411 1303 1442 ut
1325 1408 1470 1441 videtur·
1489 1407 1719 1450 gentilicium
1735 1406 1893 1440 Savinae

176 1475 329 1505 erasum,
353 1465 532 1497 nescimus
555 1474 631 1498 our.
1352 1476 1360 1483 ·

289 1543 403 1590 4989
451 1546 489 1586 d.
520 1558 573 1586 m.
602 1543 608 1601 Ι
635 1545 792 1586 Clodiae
819 1545 1036 1599 Eutychiae
1063 1544 1069 1601 Ι
1103 1546 1326 1586 Alexander
1354 1546 1531 1587 Iulianus
1564 1545 1572 1601 Ι
1606 1545 1792 1598 publicus
1820 1556 1892 1584 cu-

174 1614 301 1655 rionis
326 1611 334 1669 Ι
359 1613 535 1663 maximi,
566 1614 729 1666 coniugi
758 1626 852 1655 suae
879 1612 886 1669 Ι
910 1614 959 1654 de
980 1627 1022 1655 se
1042 1614 1170 1656 benae
1189 1614 1374 1655 maeritae
1401 1612 1407 1668 Ι
1434 1614 1538 1663 fecit,
1565 1612 1571 1668 Ι
1598 1614 1757 1654 titulum
1786 1624 1891 1653 mar—

178 1694 359 1722 moreum
386 1680 393 1736 Ι
419 1682 564 1735 posuit.
614 1681 688 1722 Hic
717 1682 816 1723 situs
846 1689 918 1723 est.

290 1747 422 1782 Romae
446 1749 519 1790 (VI
536 1750 633 1784 2525
656 1750 750 1783 vidit
773 1750 946 1792 Henzen).

289 1826 404 1873 4999
442 1830 516 1870 diis
535 1830 719 1871 manibus
740 1828 747 1884 Ι
770 1830 890 1870 Felici
911 1830 1149 1871 Corneliano
1177 1830 1182 1886 Ι
1209 1831 1371 1884 publico
1393 1829 1598 1877 curionali,
1627 1827 1633 1884 Ι
1658 1830 1754 1869 vixit
1773 1829 1890 1869 annis

175 1897 317 1946 LVlll,
344 1895 352 1951 Ι
378 1897 474 1937 Iulia
501 1897 594 1938 Cloe
621 1895 627 1951 Ι
653 1898 814 1951 coniugi
840 1896 847 1954 Ι
873 1898 976 1938 bene
1007 1899 1176 1939 merenti
1204 1897 1211 1953 Ι
1237 1899 1342 1939 fecit.

295 1974 435 2021 499⁰·
460 1974 723 2028 Fortunatus!
740 1976 926 2030 publicus
943 1975 1205 2032 Sulpilcianus
1225 1974 1461 2033 curiolnalis,
1482 1977 1576 2017 vixit
1592 1974 1599 2031 Ι
1614 1976 1730 2017 annis
1744 1975 1862 2016 XXX.
1879 1971 1886 2024 Ι

174 2044 287 2084 Fecit
317 2044 413 2084 lulia
444 2043 550 2084 Cloe.

288 2109 420 2144 Romae
443 2121 518 2153 rep.
543 2108 615 2154 (VI
625 2111 733 2146 2526.
747 2111 843 2145 2527
857 2111 951 2144 vidit
965 2111 1137 2156 Henzen).

288 2190 402 2237 4991
453 2191 536 2231 Lali
566 2191 716 2244 publici
742 2192 749 2245 Ι
783 2192 1051 2233 sacerdotialis
1076 2191 1083 2246 Ι
1118 2192 1320 2234 cineribus
1349 2193 1470 2236 locus.
1509 2191 1515 2246 Ι
1549 2193 1698 2233 Avonia
1728 2192 1886 2245 Aphro·

174 2260 270 2301 disia
297 2259 303 2314 Ι
330 2259 491 2312 coniugi
521 2259 624 2299 bene
650 2260 656 2315 Ι
683 2261 853 2301 merenti
883 2260 988 2300 fecit.

290 2324 430 2368 Romae,
453 2336 552 2360 nune
574 2324 731 2370 Neapoli
755 2326 826 2367 (VI
846 2326 943 2363 2552
966 2327 1056 2360 vidit
1079 2326 1296 2369 Mommsen).

287 2405 403 2452 4992
450 2407 509 2448 dis
538 2407 721 2448 manibus
757 2406 762 2461 Ι
797 2407 979 2448 Claudiae
1012 2405 1019 2462 Ι
1052 2409 1249 2449 Antoniae
1282 2407 1288 2463 Ι
1326 2408 1408 2448 lib.¹
1438 2408 1609 2457 Lachne,
1637 2405 1644 2461 Ι
1678 2407 1885 2460 Philippus

175 2475 355 2516 Rustian.
382 2473 389 2530 Ι
414 2475 601 2528 publicus
630 2475 679 2515 ab
705 2473 713 2530 Ι
738 2475 908 2516 sacrario
935 2472 943 2528 Ι
967 2474 1044 2515 divi
1073 2477 1257 2529 Augusti,
1285 2475 1291 2532 Ι
1319 2477 1480 2529 coniugi
1510 2476 1733 2517 carissimae
1759 2473 1766 2528 Ι
1792 2475 1886 2515 fecit

172 2550 213 2584 et
241 2543 329 2584 sibi.

286 2609 418 2644 Romae
450 2610 520 2652 (VI
539 2611 637 2645 2529
664 2609 759 2644 vidit
780 2607 990 2654 Detles'sen).
1025 2628 1071 2636 -
1109 2613 1141 2653 1)
1165 2611 1311 2645 Liber-ca
1336 2610 1487 2645 Claudia
1519 2611 1606 2643 haec
1636 2609 1781 2643 Lachne
1809 2607 1885 2649 fuit

171 2667 364 2708 Antoniae,
394 2666 538 2701 Claudii
560 2669 624 2710 qui
646 2668 838 2710 imperavit
860 2665 970 2707 filiae.

285 2757 399 2804 4993
446 2759 485 2799 d.
507 2771 559 2798 m.
579 2772 610 2799 s.
638 2756 645 2814 Ι
673 2758 888 2799 Successus
908 2757 1002 2810 pub.
1030 2757 1037 2814 Ι
1063 2759 1293 2801 Valerianus
1313 2773 1332 2800 a
1359 2762 1366 2812 Ι
1393 2760 1578 2809 sacrario,
1598 2758 1763 2815 Annilae
1784 2759 1882 2799 For-

172 2832 332 2868 tunatae
359 2825 365 2880 Ι
392 2827 550 2880 coniugi
581 2839 675 2868 suae
704 2825 939 2881 carislsimae
968 2825 1008 2866 b.
1039 2839 1092 2868 m.
1122 2829 1149 2868 f.
1175 2826 1182 2883 Ι
1208 2828 1302 2869 vixit
1330 2828 1446 2869 annis
1475 2826 1593 2868 XXX.

285 2903 423 2950 ‘1993‘
456 2906 495 2947 d.
521 2918 574 2946 m.
603 2920 636 2948 s.
669 2906 677 2960 Ι
711 2907 928 2947 Successus
957 2905 1066 2959 publ.
1094 2904 1100 2962 Ι
1128 2907 1356 2949 Valerianus
1385 2907 1482 2948 aedi.
1512 2906 1517 2961 Ι
1551 2919 1572 2947 a
1603 2907 1774 2948 sacrario
1804 2906 1881 2947 divi

172 2973 286 3026 Aug„
313 2970 321 3029 Ι
346 2974 439 3014 fecit
467 2973 542 3015 sibi
572 2987 614 3015 se
643 2974 743 3016 vivo.
781 2975 826 3015 B.
857 2973 911 3014 h.¹

286 3038 418 3074 Romae
441 3040 665 3081 (V12550ss’
690 3042 781 3076 vidit
794 3041 1008 3083 Bor-mann).
1024 3060 1070 3066 ——
1098 3044 1128 3084 l)
1151 3043 1263 3077 Bonis
1279 3045 1365 3077 bene
1382 3042 1449 3087 (cf.
1465 3053 1575 3087 supra
1592 3042 1637 3078 N.
1650 3044 1737 3078 4495
1750 3043 1880 3087 noth).
