2092 3360
594 161 710 200 Tituli
732 161 828 199 sacri
851 162 890 198 et
913 159 1155 198 sacerdotum.
1174 180 1215 186 —
1241 159 1428 196 Hercules.
1832 157 1887 197 55

246 255 249 258 Ι
282 277 396 325 3415
441 278 601 320 Herculi
629 275 635 333 Ι
661 277 814 319 Tiburt.
846 277 935 317 vict.
963 274 969 331 Ι
996 283 1036 317 et
1065 276 1207 317 ceteris
1238 276 1295 316 dis
1322 274 1327 331 Ι
1355 280 1479 328 praet.
1510 274 1682 315 Tiburt.¹
1711 273 1716 328 Ι
1746 273 1789 314 L.
1812 273 1885 314 Mi·

173 347 301 389 nicius
328 346 334 402 Ι
359 346 530 388 Natalis²
563 344 569 402 Ι
604 359 698 395 cos„
737 357 876 399 augur,
911 347 918 398 Ι
954 344 1030 398 leg.
1062 346 1160 396 Aug.
1194 356 1253 396 pr.
1285 356 1345 397 pr.
1373 342 1378 398 Ι
1415 342 1642 396 provinciae
1676 339 1682 397 Ι
1715 341 1884 383 Moesiae

171 417 304 465 inser„
329 413 336 468 Ι
363 421 440 456 vot.
471 427 627 468 suscep.

291 482 421 517 Tibure
436 481 539 524 (XIV
551 482 643 517 8534
659 481 763 525 vidi).
780 498 827 506 -
845 482 877 522 1)
895 480 962 513 Die
977 480 1175 523 praetoriis
1188 478 1236 522 (ἲ)
1267 478 1472 512 Tiburtibus
1489 477 1679 522 (Fortuna
1698 478 1887 512 Praetoria

169 543 225 574 est
246 542 286 574 in
311 543 336 576 t.
364 539 553 574 Tiburtino
576 537 667 572 XIV
683 539 802 578 3540).
826 556 870 562 —-
897 538 931 578 2)
956 535 1010 577 Cf.
1034 547 1147 580 supra
1171 535 1216 570 N.
1235 535 1330 570 1061.
1353 535 1458 570 5221.

286 606 399 654 3416
442 608 489 649 H.
520 620 621 651 v.‚v.
651 608 701 648 s.¹
733 605 807 662 ΙΕ.
840 606 962 647 lulius
993 605 1035 646 C.
1065 607 1092 646 f.
1120 604 1126 661 Ι
1155 605 1233 646 Pal.
1265 604 1392 645 Rufus
1419 602 1424 659 Ι
1451 603 1543 644 trib.
1575 603 1742 644 militum
1773 602 1847 653 bis,
1878 599 1886 659 Ι

172 677 280 719 sani²
307 682 478 725 curator,
504 673 511 731 Ι
539 688 570 719 v.
605 674 661 728 q?
690 675 738 716 ab
770 674 922 715 aerario
953 674 1126 716 Saturni.

291 744 431 787 Tibure,
461 753 559 777 nunc
589 742 721 776 Romae
752 741 825 783 (VI
843 742 932 776 5544
963 740 1054 774 vidit
1075 739 1247 784 Henzen).
1283 758 1328 764 --
1366 740 1397 780 1)
1425 738 1571 772 Herculi
1602 739 1735 772 victori
1766 740 1887 771 votum

171 803 288 836 solvit.
312 821 357 826 —
382 802 417 842 2)
440 800 539 834 Fani
563 798 740 833 Herculis.
779 798 972 832 Curatores
993 795 1078 838 fani
1093 796 1258 831 Herculis
1275 795 1435 830 Victoris
1455 793 1650 835 Tiburtini,
1676 796 1740 837 qui
1755 793 1889 828 Romae

170 860 349 893 senatorii
371 858 511 891 ordinis
534 857 732 890 honor-ihm
752 854 874 895 functi
896 857 1014 896 erant,
1037 853 1144 887 habes
1165 863 1277 896 supra
1294 850 1340 887 N.
1356 851 1439 885 1044
1453 851 1544 895 (not.
1557 851 1606 895 4).
1629 851 1711 885 1061
1727 853 1817 892 (not.
1831 851 1889 895 5).

171 915 254 950 1101
268 916 359 956 (not.
370 915 423 956 2).
448 914 542 948 1104.
567 932 612 938 -
636 913 671 955 3)
697 912 830 946 Viator
853 912 1080 954 quaestorius
1104 907 1169 951 (cf.
1193 919 1305 953 supra
1331 907 1377 943 Ν.
1394 908 1482 942 1926
1494 911 1594 951 seq).

286 981 400 1028 3417
439 983 489 1023 M.
511 982 724 1023 Caerellius
750 979 755 1036 Ι
782 980 964 1023 Iazemis¹
997 992 1064 1032 qq.
1091 979 1098 1031 1
1123 979 1318 1031 pistorum
1340 977 1394 1018 111
1420 976 1425 1032 Ι
1454 983 1494 1018 et
1523 977 1655 1030 perp?²
1684 982 1723 1017 et
1749 975 1755 1030 Ι
1782 977 1892 1017 codi-

171 1053 314 1101 carius,
345 1052 439 1092 item
467 1049 474 1105 Ι
500 1057 696 1091 mercator
721 1048 727 1105 Ι
754 1049 1037 1089 frumentarius
1063 1045 1069 1102 Ι
1096 1047 1242 1088 invicto
1269 1044 1275 1101 Ι
1303 1046 1464 1086 Herculi
1491 1043 1498 1097 Ι
1524 1057 1572 1086 ex
1602 1051 1693 1085 voto
1723 1045 1761 1085 d.
1793 1045 1831 1085 d.

291 1118 423 1152 Tibure
446 1117 555 1159 (XIV
561 1118 651 1152 4234
675 1116 769 1150 vidit
793 1115 919 1160 Gatti).
947 1133 994 1141 -
1020 1117 1052 1155 1)
1077 1114 1173 1148 Idem
1197 1123 1393 1156 cognomen
1417 1114 1457 1146 in
1482 1112 1588 1146 titulo
1605 1112 1814 1155 Magnesiae
1842 1111 1892 1145 ad

173 1176 409 1211 Maeandrum
432 1185 507 1218 rep.
530 1175 624 1209 Bull.
650 1174 692 1208 de
717 1183 811 1207 corr.
829 1172 909 1206 hell.
925 1172 1010 1206 1894
1034 1182 1069 1216 p.
1081 1172 1134 1214 10,
1157 1171 1276 1205 simile
1293 1170 1452 1205 716476.
1470 1189 1516 1196 -
1540 1171 1574 1211 2)
1601 1168 1891 1212 Quinquennalie

169 1236 349 1278 pistorum
376 1235 431 1265 ter
454 1234 489 1264 et
507 1234 704 1275 perpetuus
734 1230 889 1271 (scilicet
906 1232 992 1273 post
1015 1231 1070 1262 ter
1089 1231 1228 1272 gestam
1253 1227 1624 1272 quinquennalilatem
1651 1227 1787 1260 honore
1807 1236 1893 1270 per-

170 1293 299 1334 petuae
322 1288 673 1333 quinquennalitatis
697 1299 718 1320 a
740 1287 938 1330 pistoribus
963 1285 1191 1329 exornatus),
1219 1284 1340 1318 Ostiae
1361 1287 1462 1328 puto.

285 1355 403 1403 3418
446 1357 608 1399 Herculi
639 1357 785 1397 Victori
813 1354 819 1411 Ι
847 1355 1098 1395 Certeuciino
1119 1359 1202 1405 (ste)
1229 1351 1235 1409 Ι
1263 1353 1313 1393 Μ.
1339 1353 1523 1394 Aurelius
1552 1354 1653 1406 Aug.
1684 1352 1749 1396 lib.
1779 1350 1786 1407 Ι
1814 1353 1890 1392 Ζο-

174 1428 279 1468 ticus
305 1425 312 1482 Ι
339 1426 465 1467 nom.¹
499 1439 520 1466 a
548 1425 737 1466 censibus
763 1423 769 1476 Ι
796 1425 833 1464 d.
856 1424 893 1464 d.
921 1423 926 1478 Ι
955 1423 1183 1475 Gregorius.
1210 1421 1218 1475 Ι
1244 1425 1303 1470 (ln
1321 1424 1446 1470 latere)
1476 1421 1654 1462 dedicata
1685 1421 1738 1461 id.
1765 1421 1848 1461 Ian.
1881 1418 1889 1477 Ι

176 1495 327 1536 iuliano
348 1495 384 1535 11
414 1499 455 1535 et
479 1494 662 1547 Crispino
689 1491 695 1547 Ι
722 1493 823 1534 cos.²

291 1561 424 1595 Tibure
447 1561 558 1605 (XIV
571 1561 667 1596 5555
689 1560 795 1602 vidi).
821 1579 866 1584 —
900 1560 932 1602 1)
955 1557 1222 1592 Nomenclator.
1246 1576 1291 1582 —
1317 1557 1352 1599 2)
1375 1557 1419 1590 A.
1442 1557 1524 1591 224.

288 1619 478 1652 Praeterea
495 1619 621 1651 titulos
636 1617 784 1651 Herculi
798 1617 935 1649 invicto
955 1614 1086 1649 Tibure
1109 1615 1292 1648 dedicatos
1308 1614 1469 1647 dedimus
1483 1624 1594 1657 cupra
1610 1612 1658 1648 Ν.
1674 1613 1776 1647 2642.
1793 1613 1892 1646 2706.

262 1720 402 1768 ’3419
440 1722 485 1762 L.
509 1722 700 1763 Gemenio
725 1721 768 1762 L.
790 1722 817 1761 f.
838 1721 924 1761 Pelt
940 1750 951 1760 .
969 1721 997 1759 .¹
1026 1718 1032 1775 Ι
1061 1719 1227 1760 Hercole
1246 1719 1354 1759 dono
1381 1716 1387 1772 Ι
1414 1718 1479 1758 dat
1507 1717 1598 1759 lubs
1628 1725 1755 1758 merto
1782 1716 1788 1771 Ι
1814 1729 1890 1770 pro

175 1791 244 1832 sed
275 1790 406 1843 sueq.²
432 1790 438 1845 Ι
466 1790 548 1831 Ede
578 1790 747 1844 leigibus
774 1788 779 1844 Ι
806 1802 872 1830 ara
902 1787 1096 1830 Salutus⁸.

290 1858 478 1891 Praeneste
500 1868 574 1901 rep.
599 1867 634 1893 a.
651 1857 758 1898 1882,
791 1858 917 1899 cippus
941 1854 1083 1896 tofaeus
1113 1853 1221 1898 (XIV
1236 1854 1329 1888 2892
1353 1854 1548 1896 imaginem
1573 1852 1670 1886 dedit
1694 1852 1891 1886 Stevenson

176 1914 259 1950 bull.
283 1914 370 1948 Just.
395 1915 492 1948 arch.
517 1914 605 1948 1885
629 1913 679 1946 ad
695 1924 733 1957 p.
749 1913 801 1958 9).
824 1931 871 1938 —-
896 1914 929 1955 1)
952 1911 1135 1946 Lectionis
1157 1921 1231 1944 non
1255 1911 1400 1943 omnino
1425 1912 1554 1944 certae.
1603 1909 1663 1943 Ad
1685 1907 1763 1951 Pel,
1796 1909 1895 1953 quod

176 1973 310 2004 certum
336 1973 397 2012 est,
422 1971 615 2004 adiunctae
637 1973 725 2003 sunt
748 1972 787 2003 in
810 1979 915 2002 versu
938 1968 1114 2011 sequenti,
1135 1966 1274 1999 seilicet
1296 1966 1346 1999 ad
1370 1967 1465 2000 hunc
1488 1969 1678 1999 revocatae
1698 1976 1765 2009 per
1780 1965 1893 1999 lineo·

174 2026 248 2060 lam
272 2026 464 2070 obliquam,
490 2026 630 2059 litterae
654 2027 757 2065 duae,
782 2034 936 2068 quarum
957 2025 1065 2067 prior
1087 2022 1232 2056 videtur
1255 2021 1370 2062 fuisse
1393 2021 1433 2065 T,
1457 2023 1613 2056 secunda
1638 2021 1794 2062 fortasse
1816 2020 1895 2062 fuit

177 2082 203 2115 E
227 2082 283 2116 vel
303 2081 343 2115 Ι).
390 2082 517 2116 Subest
538 2081 692 2122 fortasse
725 2091 922 2124 cognomen
948 2079 1110 2113 Geminii.
1134 2098 1181 2105 -
1213 2080 1247 2120 2)
1271 2080 1341 2113 Pro
1364 2090 1402 2112 se
1424 2081 1579 2122 suisque.
1611 2098 1654 2104 —
1685 2079 1720 2121 3)
1743 2078 1892 2120 Esdem,

175 2141 202 2173 i.
220 2151 250 2173 e.
274 2139 411 2181 iisdem,
436 2138 573 2181 legibus
597 2137 781 2181 (dedicata
806 2137 875 2180 est)
901 2147 967 2169 ara
992 2135 1140 2170 Salutis.

289 2241 405 2288 3420
444 2243 491 2290 Q.
523 2242 568 2283 K.
598 2241 741 2282 Cestio.
773 2240 821 2288 Q.
851 2242 878 2280 f.
905 2238 912 2295 Ι
939 2240 1107 2280 Hercole
1138 2238 1278 2297 ἀοιιυΙ
1306 2237 1498 2295 [d]eder0.

290 2311 480 2344 Praeneste
502 2319 576 2352 rep.
599 2319 674 2342 una
699 2318 780 2341 cum
802 2306 848 2341 Ν.
864 2307 952 2342 3419
977 2306 1087 2351 (XIV
1101 2306 1190 2340 2891
1215 2306 1308 2340 vidit
1330 2307 1554 2352 Stevenson).

289 2410 403 2460 3421
452 2413 496 2454 L.
528 2411 663 2453 Seius¹
697 2411 737 2453 C.
768 2412 795 2452 f.
822 2409 828 2466 Ι
855 2411 1025 2452 Hercole
1051 2409 1058 2467 Ι
1085 2411 1233 2452 donum
1261 2409 1267 2466 Ι
1294 2411 1360 2451 dat
1390 2410 1559 2451 Burus2.

291 2482 406 2525 Ptope
437 2479 698 2515 Caetelveeclzio
728 2478 904 2521 Subequo,
933 2471 998 2511 u'bi
1027 2478 1170 2512 videtur
1197 2476 1310 2518 fuisse
1340 2477 1612 2520 Superaequum
1635 2477 1891 2520 Paelignorum

178 2539 239 2583 (de
262 2537 359 2572 Nino
383 2536 529 2571 Notizie
553 2537 651 2579 degli
674 2538 774 2568 scam·
796 2535 884 2569 1898
901 2546 940 2579 p.
957 2535 1026 2579 76).
1043 2553 1089 2560 -
1114 2536 1147 2577 1)
1173 2533 1274 2568 Selus
1299 2534 1388 2577 legit
1409 2534 1452 2567 de
1475 2533 1584 2575 Nino,
1608 2534 1673 2567 sed
1693 2533 1891 2568 delineatio

146 2630 149 2633 ,
176 2605 286 2639 quam
310 2594 423 2628 edidit
446 2594 589 2628 videtur
613 2594 722 2626 etiam
748 2590 848 2626 Seius
873 2591 1077 2626 admittere.
1100 2609 1147 2615 —
1171 2592 1204 2634 2)
1232 2590 1384 2625 Videtur
1408 2600 1604 2633 cognomen
1627 2590 1715 2626 Seii.

291 2694 408 2741 3422
446 2696 497 2737 Μ.
529 2695 571 2737 C.
602 2695 796 2748 Pomplio.
828 2694 900 2734 No.
932 2694 958 2733 f.
985 2691 991 2748 Ι
1018 2694 1168 2734 dedron
1195 2692 1202 2748 Ι
1228 2693 1412 2736 Hercole.

293 2762 425 2797 Romae
447 2774 521 2807 rep.
545 2765 586 2796 in
610 2763 710 2796 alveo
732 2760 869 2795 Tiberis
885 2759 1082 2804 (V15'0898
1093 2775 1138 2788 -
1150 2759 1294 2794 Notizie
1308 2759 1394 2794 1890
1408 2771 1444 2803 p.
1459 2761 1511 2795 35
1533 2761 1707 2794 viderunt
1722 2759 1895 2803 Vagtim·

179 2823 214 2854 et
237 2820 417 2864 Hueleen).

291 2920 406 2967 3423
441 2923 616 2964 Publicia
637 2922 681 2962 L.
701 2922 740 2969 f„
767 2920 772 2975 Ι
801 2920 872 2961 Cn.
891 2917 1050 2960 Corneli
1070 2918 1114 2958 Α.
1137 2918 1163 2957 s.
1184 2929 1297 2965 uxor,
1322 2915 1330 2970 Ι
1358 2917 1527 2958 Hercole
1548 2918 1685 2958 aedem
1711 2917 1716 2972 Ι
1745 2917 1893 2958 valvas·-

180 3003 259 3044 que
288 2990 383 3031 fecit
411 2991 628 3044 eademque
662 2987 668 3044 Ι
703 2988 889 3042 expolivit
918 2998 1104 3038 aramque
1138 2984 1144 3039 Ι
1179 2997 1328 3026 sacram
1360 2984 1529 3026 Hercole
1558 2985 1711 3026 restitu.
1739 2983 1744 3040 Ι
1780 2984 1893 3026 Haec

180 3058 313 3098 omnia
343 3058 391 3099 de
422 3071 495 3099 suo
525 3065 563 3098 et
593 3057 687 3097 virei
718 3054 871 3112 <fecit>¹
901 3053 908 3110 Ι
935 3053 1162 3095 faciundum
1193 3053 1355 3094 curavit.
