2092 3360
729 158 845 196 Tituli
867 159 1122 207 municipales.
1142 181 1184 186 —
1209 159 1325 198 Ostia.
1806 163 1889 201 551

176 272 314 333 si[mo‚
360 274 367 331 Ι
414 271 579 331 Mlarcia
619 274 750 315 Hilara
794 275 955 327 coniugi
999 272 1275 333 dulci[ssimo],
1305 275 1329 330 Ἰ
1375 289 1465 318 cum
1509 290 1591 331 quo
1635 277 1731 318 vixit
1773 278 1891 319 annis

176 343 211 384 X
232 374 242 384 .
265 374 274 384 .

294 411 425 452 Ostiae,
448 411 522 444 iam
548 409 680 443 Romae
704 409 805 455 (XIV
826 411 895 445 293
919 411 1024 452 vidi).
1047 430 1093 436 —
1120 413 1152 454 1)
1178 410 1234 445 00
1261 411 1343 456 (pro
1368 412 1449 457 QQ)
1475 413 1577 456 lapis.
1599 431 1646 438 —
1670 414 1703 454 2)
1727 412 1890 446 Dendro-

174 469 308 511 pltoros
335 467 509 501 Ostienses
533 467 721 499 habuimus
744 469 816 499 iam
841 478 953 510 supra
977 466 1023 501 N.
1039 468 1139 502 4175.
1161 469 1255 503 4176.
1279 488 1324 494 -
1348 471 1382 512 3)
1409 469 1463 510 Cf:
1488 468 1535 506 N.
1549 469 1639 504 5007
1660 472 1735 504 not.
1752 470 1782 503 4.

289 557 406 604 6158
463 559 507 600 L.
539 559 704 612 Lepidio
734 560 915 614 Eutycho
948 559 953 614 Ι
988 562 1115 602 seviro
1146 563 1246 614 Aug.
1278 562 1379 603 idem
1415 560 1421 617 Ι
1457 563 1595 616 quinq.
1626 564 1666 604 in
1698 530 1893 618 colonia—1

176 628 348 670 Ostiensi
376 627 381 682 Ι
409 634 449 668 et
478 627 518 668 in
551 627 768 681 municipio
795 627 800 683 Ι
829 628 1159 679 Tusculanorum,
1186 631 1193 680 Ι
1229 638 1268 671 et
1297 630 1437 683 quinq.
1467 638 1663 684 perpetuo
1693 644 1853 684 corpor.
1881 628 1889 685 Ι

177 697 333 737 fabrum
364 695 557 736 navalium
584 695 589 750 Ι
619 695 876 745 Ostiensium,
903 696 908 750 Ι
937 697 1180 738 Fortunatus
1210 698 1277 738 lib.
1308 706 1348 739 et
1378 699 1496 740 Alexa
1527 707 1602 740 act.

293 763 421 803 Ostiae,
446 765 519 796 iam
544 761 675 796 Romae
700 761 809 803 (XIV
815 762 885 797 372
909 763 1001 796 vidit
1024 763 1237 809 Michaelis).

289 854 405 901 6159
464 856 534 897 Cn.
567 855 740 896 Statilius
767 853 772 909 Ι
808 855 1000 918 Οιξεοθυε
1031 855 1036 910 Ι
1076 856 1381 899 Crescentianus
1407 856 1412 913 Ι
1439 844 1550 899 ἦνίι·
1579 861 1678 910 Aug.
1710 859 1746 909 fl.
1779 872 1817 910 q.
1853 863 1892 898 et

175 932 300 966 curat.
332 924 461 965 ordin.
488 925 495 975 Ι
521 924 737 975 Augustal„
769 931 809 964 et
839 923 960 965 Vlvir.
991 926 1091 978 Aug.
1123 925 1305 966 Tusculis
1332 929 1432 975 (sic),
1470 924 1475 980 Ι
1511 927 1603 966 fecit
1632 925 1705 966 sihi
1737 932 1777 967 et
1805 927 1892 967 Sta·

176 993 282 1034 tiliae
321 992 501 1033 Atalante
540 992 700 1045 coniug.
742 990 748 1045 Ι
789 999 829 1033 et
864 992 932 1033 lib.
973 993 1102 1034 libert.
1139 1000 1232 1046 post
1270 1006 1353 1034 eor.
1414 994 1460 1034 In
1500 995 1527 1034 f.
1559 1007 1598 1047 p.
1629 993 1737 1043 XXI,
1783 995 1826 1034 in
1856 1006 1890 1034 a.

206 1091 216 1101 .
246 1060 402 1101 XXXII.

175 1074 202 1114 p
293 1128 422 1169 Oetiae,
447 1127 574 1160 deinde
597 1125 729 1160 Romae
753 1127 860 1170 (XIV
869 1128 934 1161 421
960 1128 1054 1161 vidit
1076 1129 1291 1173 Bor-mann).

290 1208 406 1256 6160
451 1209 510 1249 dis
540 1208 724 1249 manibus
749 1207 756 1264 Ι
783 1211 827 1249 A.
850 1209 973 1250 Grani
1003 1211 1121 1250 Attici
1148 1208 1153 1264 Ι
1181 1210 1296 1251 seviri
1326 1210 1530 1262 Augustali
1555 1214 1654 1258 (sic),
1681 1209 1689 1263 Ι
1717 1211 1892 1251 adlectus

176 1279 284 1319 inter
313 1278 463 1330 primos
490 1275 495 1330 Ι
523 1277 845 1329 quinquennalis,
874 1275 880 1331 Ι
906 1279 1084 1318 curator¹
1116 1285 1307 1331 perpetus
1332 1283 1430 1327 (sic).

296 1344 412 1378 Ostiae
436 1342 543 1382 (XIV
559 1344 627 1377 560
650 1342 754 1388 vidi).
777 1362 822 1368 —
850 1345 882 1386 1)
907 1342 962 1384 Cf.
986 1343 1032 1379 N.
1048 1344 1134 1378 6154
1158 1348 1232 1378 not.
1247 1346 1282 1379 2.

290 1435 401 1483 6161
455 1437 492 1477 d.
514 1449 565 1476 m.
594 1434 600 1489 Ι
626 1436 670 1476 L.
693 1436 887 1477 Carullius
914 1434 919 1490 Ι
948 1436 1242 1489 Epaphroditus
1267 1435 1274 1492 Ι
1299 1437 1410 1477 Vlvir
1429 1439 1528 1489 Aug.
1559 1437 1662 1477 idem
1694 1438 1759 1489 (Ῑᾷ.
1788 1435 1793 1490 Ι

453 1504 526 1545 Hic
556 1516 645 1545 sum
674 1504 839 1557 positus,
872 1505 938 1556 qui
965 1504 970 1559 Ι
998 1518 1157 1558 semper
1186 1505 1273 1546 sinc
1302 1502 1483 1560 crilmine
1511 1504 1600 1552 vixi,
1629 1503 1635 1559 Ι
1743 1515 1745 1517 ·

452 1579 492 1613 et
521 1584 640 1625 quem
669 1572 723 1612 mi
754 1572 915 1613 dederat
941 1570 947 1626 Ι
974 1585 1134 1614 cursum
1166 1573 1341 1613 Fortuna
1368 1570 1374 1628 Ι
1400 1572 1585 1626 peregit&
1615 1570 1620 1626 Ι

527 1639 648 1681 Cuius
678 1653 793 1681 ossua
825 1647 864 1681 et
893 1638 1062 1696 cinelres
1091 1642 1154 1682 hic
1185 1641 1286 1694 lapis
1315 1638 1440 1696 initus
1469 1640 1600 1681 habet.
1628 1638 1634 1697 Ι

181 1710 283 1750 Huic
312 1709 435 1749 Vlviri
477 1708 483 1764 Ι
529 1711 628 1761 Aug.
658 1715 749 1761 post
787 1722 922 1750 curam
966 1708 971 1765 Ι
1015 1706 1436 1764 quinquennaliltatem
1476 1709 1646 1759 optuler.
1673 1708 1681 1763 Ι
1707 1709 1775 1761 qui
1811 1709 1891 1761 egit

179 1778 297 1819 annis
324 1775 331 1832 Ι
357 1777 560 1818 continuis
590 1776 674 1817 1111.

297 1844 426 1886 Ostiae,
457 1844 550 1887 lapis
574 1837 642 1877 ‘ad
663 1843 807 1877 modum
831 1845 974 1877 hermae
996 1846 1112 1887 capite
1136 1839 1322 1878 truncato'
1350 1843 1460 1887 (XIV
1472 1844 1539 1878 346
1563 1845 1721 1876 servavit
1741 1843 1892 1876 Fabrat-

180 1901 282 1945 tius).
304 1920 350 1925 —
377 1903 410 1942 1)
432 1901 511 1935 Sor.
535 1900 663 1942 peregi.
712 1900 873 1934 ceterum
897 1902 956 1934 lu'c
979 1911 1103 1934 versus
1125 1903 1291 1942 sumptus
1313 1911 1360 1933 ex
1385 1900 1492 1942 Verg.
1509 1900 1599 1933 Aen.
1616 1902 1647 1942 4,
1663 1901 1742 1934 655.
1813 1893 1822 1904 ⁵

294 1992 409 2038 6162
467 1993 504 2032 d.
534 2005 587 2033 m.
616 1991 622 2046 Ι
648 1993 692 2032 L.
723 1993 866 2032 Carulli
898 1991 984 2048 Fet·
1002 2004 1124 2042 (homo
1147 2003 1300 2043 stratus)
1322 1994 1495 2034 licissimi
1526 1993 1628 2046 his.¹‚
1655 1994 1661 2048 Ι
1690 1993 1763 2033 V1²
1793 1995 1891 2046 Aug.

182 2062 286 2102 idem
313 2059 319 2114 Ι
347 2074 427 2113 qq.,
457 2061 502 2103 L.
523 2061 597 2109 L.⁸,
636 2074 702 2114 qq.
734 2058 939 2116 cor[p]or.⁴
972 2059 978 2115 Ι
1016 2061 1092 2100 vin.
1122 2060 1211 2100 urb.
1242 2060 1309 2114 e[t]
1340 2057 1491 2117 Os[t.]⁸,
1528 2059 1533 2115 Ι
1573 2062 1647 2101 vix.
1679 2074 1712 2100 a.
1743 2059 1893 2107 LXXV,

183 2130 228 2170 L.
256 2128 263 2183 Ι
290 2129 482 2169 Caruilius
509 2126 516 2183 Ι
542 2129 805 2170 Felicissimus
832 2126 837 2183 Ι
864 2135 942 2181 pat.
974 2128 1013 2168 b.
1044 2141 1096 2168 m.
1128 2129 1202 2168 fec.

301 2196 429 2238 Ostiae,
460 2197 534 2229 iam
561 2196 735 2236 Veronae,
757 2206 852 2228 urna
884 2193 987 2238 (XIV
1007 2195 1076 2230 ,318
1099 2196 1191 2228 vidit
1213 2195 1437 2240 Mommsen).
1469 2215 1511 2220 —
1546 2198 1577 2238 1)
1601 2195 1804 2229 Biselliarii
1828 2194 1894 2239 (cl'.

183 2264 297 2297 supra
320 2252 366 2286 N.
381 2253 481 2295 3654,
504 2251 607 2292 infra
631 2251 677 2286 Ν.
692 2253 791 2286 6296.
813 2253 916 2286 6572.
939 2253 1030 2286 6575
1046 2252 1139 2296 cet).
1169 2271 1211 2276 —
1249 2254 1285 2293 2)
1309 2251 1386 2287 Ser.
1410 2251 1533 2286 Vlviri.
1563 2271 1610 2277 —
1643 2254 1678 2294 3)
1702 2252 1897 2286 Laurentis

183 2310 383 2344 Lavinatis.
406 2328 452 2334 -
476 2311 511 2350 4)
539 2308 709 2343 CORFOR
735 2309 837 2352 lapis.
867 2328 912 2333 —
947 2311 981 2351 5)
1006 2309 1276 2352 Quinquennali
1304 2310 1468 2353 corporis
1489 2310 1718 2343 vinariorum
1740 2310 1896 2343 urbano-

183 2377 267 2401 rum
291 2369 326 2399 el
350 2366 574 2399 Ostiam-ium.
623 2365 733 2398 Iidem
757 2364 911 2405 fortasse
934 2368 1177 2408 negotiatores
1201 2367 1337 2399 vinarii
1360 2367 1403 2398 ab
1427 2366 1515 2398 urbe
1537 2376 1648 2408 cupra
1672 2364 1718 2400 N.
1733 2366 1827 2399 6146.

299 2446 413 2492 6163
452 2459 526 2497 (vir
549 2458 589 2489 in
613 2456 740 2490 lectulo
763 2459 910 2504 stratus,
940 2457 1080 2491 adsidet
1102 2457 1246 2502 mulier)
1272 2449 1332 2488 dis
1357 2446 1540 2487 manibus
1565 2447 1572 2500 Ι
1600 2447 1642 2488 L.
1659 2445 1896 2499 Calpurnius

188 2515 307 2556 Chius
335 2515 439 2556 sevir
458 2516 557 2567 Aug.
586 2512 591 2568 Ι
618 2522 658 2555 et
691 2514 1012 2567 quinquennalis,
1040 2514 1047 2569 Ι
1072 2515 1176 2556 idem
1206 2516 1345 2568 quinq.
1367 2514 1547 2567 corporis
1578 2526 1750 2554 mensor.
1778 2512 1783 2568 Ι
1811 2515 1896 2554 fru-

188 2584 418 2624 mentarior.
440 2583 627 2623 Ostiens.¹
658 2589 697 2622 et
726 2589 849 2622 curat.
876 2582 883 2635 Ι
910 2582 983 2632 bis,
1011 2581 1017 2637 Ι
1043 2584 1143 2624 idem
1176 2582 1363 2624 codicar.²
1391 2587 1514 2622 curat.
1545 2581 1649 2622 Ostis
1679 2589 1719 2622 et
1748 2581 1803 2622 111
1824 2582 1896 2622 ho-

190 2651 308 2699 nor.⁸,
349 2650 355 2705 Ι
395 2651 500 2692 idem
531 2650 819 2703 quinquennal.
851 2650 991 2703 collegi
1022 2651 1167 2692 Silvani
1202 2650 1209 2705 Ι
1243 2652 1343 2702 Aug.
1374 2649 1533 2689 maioris
1562 2649 1667 2701 quod
1699 2657 1760 2690 est
1790 2650 1897 2690 Hila-

189 2719 314 2760 rionis
354 2720 360 2770 Ι
401 2720 564 2760 functus
593 2718 822 2764 sacomari⁴,
868 2718 970 2758 idem
1000 2719 1214 2771 magistro⁵
1252 2719 1298 2758 ad
1330 2718 1452 2758 Marte
1492 2716 1498 2772 Ι
1540 2717 1755 2758 Ficanum⁰
1785 2719 1897 2771 Aug„

190 2787 293 2828 idem
323 2787 364 2827 in
396 2787 562 2839 collegio
594 2787 838 2835 dendrosor„
875 2784 881 2839 Ι
914 2781 1008 2827 fecit
1036 2785 1110 2827 sibi
1141 2795 1180 2826 et
1215 2785 1221 2840 Ι
1253 2786 1457 2827 Corneliae
1490 2786 1707 2839 Ampliatae
1737 2786 1898 2839 coniugi

190 2867 284 2895 suae
308 2853 315 2910 Ι
343 2855 579 2904 carissimae,
610 2867 700 2895 cum
732 2866 807 2907 qua
837 2853 932 2893 vixit
961 2854 1077 2895 annis
1105 2854 1250 2903 XXXI,
1278 2852 1284 2909 Ι
1312 2853 1546 2908 Calpurniae
1576 2854 1619 2894 L.
1650 2853 1716 2894 lib.
1748 2854 1899 2894 Pthen-

192 2923 272 2975 gidi
302 2923 466 2964 libertae
505 2921 511 2978 Ι
552 2923 788 2971 carissimae,
826 2922 870 2962 L.
902 2922 1115 2974 Calpurnio
1147 2922 1255 2962 Forti
1285 2933 1409 2969 vern.,
1439 2921 1521 2970 lib.,
1562 2919 1569 2975 Ι
1609 2920 1653 2962 L.
1685 2920 1898 2975 Calpurnio

194 2990 316 3031 Felici
354 2991 446 3041 lib.,
493 2991 536 3031 L.
569 2991 783 3043 Calpurnio
815 2990 991 3030 Adaucto
1023 3001 1155 3039 vern.,
1201 2989 1291 3043 lib.,
1334 2987 1339 3043 Ι
1380 2989 1616 3043 Calpurniae
1647 2989 1691 3029 L.
1722 2990 1749 3031 f.
1781 2989 1899 3030 Chiae

194 3071 326 3107 vern„
372 3059 606 3112 Calpurniae
649 3058 692 3098 L.
732 3059 758 3098 s.
800 3057 807 3111 Ι
848 3057 1064 3110 Ampliatae
1103 3057 1243 3111 vern.⁷,
1294 3057 1338 3097 L.
1378 3057 1592 3110 Calpurnio
1629 3057 1674 3097 L.
1711 3058 1737 3096 f.
1778 3057 1899 3098 Felici
