2092 3360
484 168 599 206 Tituli
622 169 872 216 municipales.
891 189 932 195 -
960 168 1038 206 Lex
1053 170 1241 217 municipii
1256 171 1483 210 Malacitani.
1761 178 1843 215 521

191 285 240 326 R.
292 285 418 333 Quid
449 286 507 326 de
536 285 615 326 his
647 286 767 326 fieri
799 291 1058 338 oporteat,
1090 287 1172 339 qui
1201 285 1207 340 Ι
1233 289 1605 343 suffragiorum
1637 304 1843 334 numero

295 367 443 408 pares
473 360 623 395 erunt.
652 351 658 404 Ι

249 423 345 463 LVI.
395 422 432 463 Is
453 423 522 475 qui
542 435 586 463 ea
609 423 767 463 comitia
790 422 961 471 babebit,
982 422 1039 462 uti
1061 424 1228 476 quisque
1249 425 1381 466 curiae
1408 424 1414 481 Ι
1441 427 1568 469 cuiius
1587 428 1703 482 plura
1724 442 1840 483 quam

134 492 198 533 alii
229 491 414 544 suffragia
452 487 665 546 habuelrit‚
711 491 762 531 ita
798 491 972 544 priorem
1014 492 1155 532 ceteris
1192 505 1281 533 eum
1322 507 1395 547 pro
1426 507 1470 535 ea
1501 496 1609 537 curia
1649 495 1657 553 Ι
1697 499 1844 540 factum

134 567 388 612 creatumque
410 572 495 600 esse
524 555 781 616 renuntiat[o]
797 559 836 607 ¹⁰,
862 557 869 613 Ι
896 559 1025 599 donec
1054 559 1087 600 is
1119 573 1322 610 numerus,
1353 562 1400 602 ad
1422 575 1539 615 quem
1561 566 1685 606 creari
1712 563 1844 621 opor!-

133 628 250 676 tebit,
295 627 474 681 expletus
508 627 570 668 sit.
631 627 798 674 Quam¹⁷
842 627 882 666 in
924 627 1032 667 curia
1071 628 1234 668 totidem
1275 626 1281 684 Ι
1321 630 1505 683 suffragia
1543 632 1621 673 duo
1662 635 1844 687 pluresve

133 695 357 744 habuerint,
387 693 597 749 malritum‚
630 696 744 748 quive
775 695 1007 735 maritorum
1040 708 1206 736 numero
1237 697 1325 747 erit,
1366 694 1373 753 Ι
1415 699 1556 740 caelibi
1585 701 1731 744 liberos
1760 717 1843 745 non

134 765 295 806 habenti
327 764 394 817 qui
414 761 656 819 mariltorum
691 776 859 804 numero
892 776 973 803 non
996 763 1091 812 erit;
1122 764 1334 806 habentem
1365 765 1524 820 libegros
1554 781 1636 810 non
1660 770 1843 822 habenti;

131 834 265 887 plures
301 833 447 874 liberos
483 830 708 887 habenltem
745 827 984 887 pau[c]iores
1022 831 1184 872 habenti
1211 834 1410 892 praeferto
1440 835 1707 892 prioremlque
1737 853 1843 881 nun-

132 903 227 943 tiato
258 902 324 950 ita,
355 907 399 942 ut
419 900 502 941 bini
534 900 648 941 liberi
678 905 769 952 post
790 896 948 954 nolmen
983 900 1200 952 inpositum
1231 908 1298 942 aut
1323 902 1467 955 singuli
1498 904 1670 957 puberes
1699 906 1843 962 amislsi

131 967 323 1028 v[i]rive¹⁸
353 976 538 1023 potentes
569 968 733 1009 amissae
763 980 837 1020 pro
867 967 1035 1020 singulis
1068 966 1075 1024 Ι
1111 970 1330 1021 sospitibus
1359 979 1632 1014 numerentur.
1691 974 1734 1015 Si
1763 976 1842 1016 duo

131 1040 312 1093 pluresve
342 1035 518 1094 toltidem
549 1036 733 1089 suffragia
763 1035 970 1076 habebunt
999 1042 1038 1076 et
1068 1037 1257 1078 eiiusdem
1284 1038 1290 1093 Ι
1317 1041 1565 1082 condicionis
1597 1049 1729 1090 erunt,
1768 1057 1842 1084 no-

132 1108 237 1148 mina
259 1119 397 1147 eorum
429 1107 469 1146 in
499 1104 504 1160 Ι
530 1111 677 1146 sortem
700 1104 855 1153 coiano,
886 1104 1003 1144 etuti
1026 1105 1238 1159 quiiusque
1253 1111 1338 1157 (sie)
1371 1121 1516 1156 nomen
1547 1105 1657 1160 sorlti
1678 1111 1841 1152 ductum

131 1177 217 1225 erit,
247 1176 299 1216 ita
330 1187 422 1216 eum
451 1175 625 1228 priorem
656 1173 726 1213 alis
755 1170 1038 1228 renuntilatffl.

186 1256 236 1296 R.
285 1255 350 1296 De
380 1253 664 1295 sortitione
703 1253 962 1293 curiarum
1005 1259 1054 1293 et
1091 1253 1151 1302 is,
1197 1255 1280 1307 qui
1314 1253 1591 1311 cufriarum
1634 1272 1841 1301 numero

280 1321 480 1376 partes¹⁰
510 1326 661 1362 erunt.
688 1318 694 1375 Ι

245 1391 361 1432 LVII.
401 1390 478 1438 Qui
500 1390 658 1430 comitia
688 1389 728 1428 h.
749 1388 776 1428 I.
807 1388 978 1437 habebit,
1010 1388 1043 1429 is
1073 1388 1206 1430 relatis
1236 1390 1416 1430 omnium
1441 1389 1448 1445 Ι
1476 1393 1677 1434 curiarum
1699 1394 1842 1435 tabulis

130 1461 291 1502 nomina
329 1460 529 1501 curiarum
569 1458 610 1498 in
650 1459 809 1514 soritem
850 1457 1005 1506 coit-ito,
1050 1457 1376 1511 singularumque
1422 1460 1621 1502 curiarum
1669 1460 1841 1518 nolmina

128 1536 235 1571 sorte
274 1529 426 1577 ducito,
472 1534 513 1568 et
543 1533 586 1567 ut
616 1527 823 1579 cuiiusque
862 1526 995 1566 curiae
1034 1525 1041 1581 Ι
1083 1539 1231 1566 nomen
1270 1534 1378 1567 sorte
1414 1529 1571 1578 exierit,
1618 1530 1758 1583 quos²⁰
1795 1545 1842 1572 ea

129 1599 239 1639 curia
269 1597 419 1650 feeerit,
447 1594 454 1651 Ι
479 1595 732 1649 pronuntiari
762 1594 919 1643 iubeto;
951 1600 990 1634 et
1010 1594 1067 1634 uti
1098 1594 1266 1647 quisque
1296 1595 1408 1648 prior
1433 1596 1440 1651 Ι
1468 1598 1657 1639 maiorem
1688 1607 1841 1653 partem

131 1666 287 1708 numeri
316 1666 517 1706 curiarum
548 1661 788 1719 conifecerit,
819 1675 924 1710 eum,
955 1675 1047 1703 eum
1078 1663 1117 1704 h.
1148 1663 1172 1703 l.
1205 1664 1389 1704 iuraverit
1419 1663 1660 1722 caverithue
1691 1668 1739 1708 de
1769 1682 1840 1722 pe-

128 1735 244 1776 cunia
276 1733 498 1782 communi,
538 1734 682 1773 factum
722 1729 992 1784 erealtumque
1030 1732 1277 1779 renuntiato,
1318 1733 1445 1773 donee
1483 1740 1542 1774 tot
1579 1735 1842 1791 magistraltus

126 1803 206 1844 sint
236 1801 352 1856 quod
371 1802 411 1843 h.
441 1802 468 1842 l.
499 1801 622 1842 creari
655 1800 866 1853 oportebit.
927 1800 968 1840 Si
999 1797 1175 1855 totildem
1216 1801 1346 1842 curias
1384 1801 1463 1842 duo
1504 1803 1684 1855 pluresve
1719 1804 1839 1845 habe-

125 1872 239 1919 bunt,
267 1869 274 1924 Ι
300 1870 358 1910 uti
379 1881 499 1922 supra
531 1868 852 1921 conprehensum
874 1874 934 1908 est
963 1868 1012 1908 de
1042 1868 1075 1908 is
1097 1868 1164 1920 qui
1190 1867 1196 1922 Ι
1224 1869 1503 1922 suffragiorum
1534 1883 1703 1912 numero
1725 1885 1840 1925 pares

124 1946 279 1987 essent,
318 1939 369 1978 ita
395 1936 402 1992 Ι
429 1937 477 1976 de
509 1937 542 1977 is
571 1937 640 1988 qui
670 1937 833 1977 totidem
863 1936 992 1977 curias
1020 1935 1227 1976 habebunt
1257 1934 1400 1992 faleito,
1440 1938 1655 1992 eademque
1686 1941 1839 1982 ratione

124 2008 300 2060 priorem
333 2002 543 2060 quemlque
574 2010 749 2045 creatum
780 2017 866 2045 esse
896 2004 1135 2044 renuntiato.
1166 2003 1172 2057 Ι

181 2087 231 2126 Β.
281 2086 348 2127 Ne
380 2085 497 2138 quid
529 2084 642 2133 fiat,
673 2096 768 2136 quo
798 2084 960 2124 minus
990 2083 1193 2124 comitia
1222 2082 1538 2140 halbeantur.
1567 2085 1573 2140 Ι

239 2153 374 2195 LVIII.
432 2153 490 2194 Ne
520 2153 609 2205 quis
638 2152 873 2192 intercedito
905 2164 1003 2192 neve
1033 2152 1119 2204 quit
1149 2152 1244 2192 aliut
1271 2151 1414 2206 fa'eito‚
1445 2167 1525 2207 quo
1554 2155 1688 2196 minus
1718 2156 1757 2196 in
1791 2169 1838 2197 eo

126 2223 328 2276 muncipio
355 2225 441 2270 (sie)
471 2222 511 2262 h.
538 2221 563 2261 l.
590 2218 598 2276 Ι
624 2221 781 2261 comitia
810 2220 1034 2260 habeantur
1062 2221 1332 2273 perficiantur.
1360 2221 1365 2277 Ι
1403 2223 1480 2270 Qui
1511 2223 1625 2264 aliter
1654 2223 1839 2266 adversus

125 2304 172 2332 ea
202 2292 342 2332 fecerit
370 2291 501 2331 sciens
533 2287 550 2344 ΙΙ
584 2289 622 2329 d.
653 2288 749 2337 m.²¹‚
794 2289 827 2329 is
856 2289 897 2329 in
929 2301 993 2329 res
1022 2289 1197 2341 singulas
1227 2280 1350 2331 Hs}
1385 2287 1667 2346 mulnicipibus
1705 2294 1838 2346 muni-

127 2361 229 2414 cepii
254 2364 338 2408 (sic)
376 2358 481 2399 Flavi
511 2357 733 2398 Malacitani
772 2354 780 2411 Ι
822 2357 858 2397 d.
891 2357 928 2396 d.
960 2354 1042 2406 e.²²‚
1088 2357 1265 2411 eiiusque
1304 2360 1500 2411 pecuniae
1534 2361 1662 2413 deque
1692 2373 1738 2400 ea
1767 2374 1838 2413 pe-

125 2441 219 2470 cun.
246 2428 253 2484 Ι
280 2427 473 2480 municipi
495 2427 580 2466 eius
600 2425 820 2478 municipii,
849 2426 917 2478 qui
937 2426 1041 2466 volet
1062 2427 1204 2479 cuique
1231 2424 1238 2481 Ι
1263 2439 1337 2479 per
1357 2428 1396 2467 b.
1417 2428 1440 2468 I.
1463 2428 1608 2475 licebit,
1636 2429 1737 2468 aetio
1767 2442 1838 2481 pe-

126 2497 214 2537 titio
244 2496 467 2550 persecutio
500 2502 596 2535 esto.
623 2494 630 2549 Ι

182 2577 232 2616 R.
283 2576 347 2617 De
379 2576 487 2615 iure
518 2574 737 2614 iurando
768 2585 958 2621 eorum,
990 2575 1070 2626 qui
1100 2575 1340 2615 maiorem
1370 2572 1375 2628 Ι
1411 2581 1609 2626 partem
1641 2577 1838 2617 numeri

280 2644 538 2685 curiarum
571 2642 869 2694 expleverit.
897 2643 904 2692 Ι

240 2713 339 2754 LIX.
398 2713 475 2760 Qui
506 2725 549 2752 ea
581 2711 736 2751 comitia
767 2709 945 2758 habebit,
991 2711 1047 2751 uti
1079 2711 1247 2762 quisque
1278 2723 1435 2759 eorum,
1477 2708 1484 2765 Ι
1524 2711 1592 2763 qui
1633 2710 1836 2752 IIviratum

126 2781 361 2822 aedilitatem
402 2780 714 2834 quaesturamlve
745 2784 870 2832 petet,
912 2779 1113 2819 maiiorem
1152 2784 1304 2830 partem
1336 2779 1492 2819 numeri
1525 2775 1738 2828 eurialrum
1769 2792 1836 2820 ex·

126 2850 307 2902 plevem,
351 2851 581 2902 priusquam
628 2862 717 2889 eum
763 2849 906 2887 factum
948 2846 955 2901 Ι
997 2854 1251 2899 creatumque
1298 2848 1517 2895 renuntiet,
1563 2847 1836 2888 iusiurandum

243 2985 300 3027 16)
322 2983 531 3027 renuntiatq.
556 2994 624 3017 aee.
661 3002 705 3007 -
744 2983 797 3023 17)
825 2981 912 3024 Qua.
949 3000 991 3005 —
1032 2982 1087 3023 18)
1112 2981 1223 3015 utrive
1246 2991 1318 3015 aes.
1353 2999 1399 3007 -
1436 2981 1506 3021 18⁸)
1538 2980 1767 3017 Renuntiato.
1791 3001 1836 3008 —

131 3041 186 3081 19)
219 3039 297 3075 Ser.
319 3049 430 3083 parea.
465 3058 511 3064 —
547 3041 604 3082 20)
635 3038 725 3084 quod
751 3050 820 3079 aee,
854 3038 916 3071 sed
941 3040 1139 3071 correctum
1170 3039 1208 3071 in
1241 3046 1339 3082 quos.
1376 3057 1417 3062 —-
1457 3039 1513 3079 21)
1542 3036 1635 3071 Dolo
1662 3038 1767 3072 malo.
1791 3058 1836 3063 —

129 3096 187 3137 22)
209 3095 306 3128 Dm
329 3096 478 3129 damnat
501 3099 583 3131 osto.
