2092 3360
636 164 750 202 Tituli
773 166 996 212 pertinentes
1019 166 1068 202 ed
1091 166 1208 203 ludos.
1234 186 1278 193 —
1302 167 1452 204 Scaena.
1816 167 1898 206 319

941 303 1146 354 Scaena.

301 392 416 439 5180
475 395 630 436 colonia
657 392 663 451 Ι
689 395 732 436 P.
767 395 979 436 Publilium
1007 393 1012 449 Ι
1039 396 1262 450 Ingenuum
1290 395 1295 452 Ι
1323 397 1557 438 comoedum
1585 396 1591 451 Ι
1622 403 1788 451 propter
1816 398 1899 439 sin-

188 463 366 516 gularem
393 462 400 515 Ι
426 463 521 505 artis
545 464 802 516 prudentiam
834 473 873 504 et
898 464 905 516 Ι
933 477 1090 505 morum
1122 466 1372 518 probitatem.

302 531 405 564 Parii
429 530 501 575 (ΙΙΙ
522 531 589 564 573
614 530 726 564 deser.
752 530 894 574 Kiepert
918 534 952 564 et
976 531 1236 576 Mor-dimona).

301 610 411 657 5181
467 612 528 652 Ti.
550 612 648 652 lulio
676 610 682 667 Ι
709 615 809 665 Aug.
837 613 860 652 l.
890 612 896 666 Ι
922 613 1148 654 Mnesteri¹.

301 678 445 720 Romae,
469 689 566 713 nunc
581 679 805 722 Florentiae,
829 690 896 713 ara
913 683 1045 713 ornata
1062 684 1096 713 et
1112 681 1155 714 ab
1173 683 1327 724 utraque
1341 682 1449 723 parte
1465 679 1586 712 eodem
1603 679 1707 713 titulo
1724 681 1899 723 inscripta

187 736 259 776 (VI
279 736 394 771 20459
416 737 510 770 vidit
533 735 704 781 Henzen).
727 755 773 761 -
800 737 833 779 1)
860 736 1013 771 Videtur
1038 747 1109 770 esse
1134 737 1384 771 celeberrimus
1409 736 1683 779 tragoediarum
1706 740 1820 779 actor,
1844 747 1900 771 oc-

186 795 281 827 cisus
305 805 336 828 a.
353 794 395 827 47
416 796 566 836 propter
588 796 752 836 stuprum
778 792 1015 834 Messallinae,
1048 795 1287 827 manumissus
1309 796 1398 836 puto
1424 805 1446 826 a
1476 791 1627 826 Tiberio.

188 854 255 858 —
299 873 435 920 5181ει
470 875 580 916 Paris
610 875 707 915 unio
738 875 937 915 scaenae¹.

300 943 478 986 Pompeiis
501 943 749 986 scariphatum
772 943 813 975 in
836 943 978 985 pariete
1002 940 1109 982 (Mau
1124 940 1243 975 Roem.
1260 940 1378 975 Mittlz.
1393 942 1430 982 5,
1445 941 1533 975 4886
1546 951 1582 984 p.
1598 941 1691 983 446).
1707 960 1752 967 -
1779 943 1811 984 1)
1837 941 1874 975 V
1871 944 1899 974 i-

185 1000 294 1033 detur
317 998 524 1043 significari
547 999 797 1033 celeberrimus
820 1000 924 1031 actor
947 998 1232 1041 tragoediarum,
1256 996 1473 1043 interfectus
1490 1009 1511 1031 a
1528 996 1672 1032 Nerone
1689 997 1755 1042 (esi
1772 999 1898 1032 Proso-

184 1066 290 1099 pogr.
317 1057 404 1097 Imp.
429 1055 468 1091 R.
493 1056 558 1088 sub
583 1054 625 1089 L.
642 1053 804 1087 Domitio
830 1054 988 1094 Paride).

299 1145 413 1193 5182
448 1147 605 1188 C.lulio
622 1149 720 1200 Aug.
742 1147 810 1188 lib.
839 1145 845 1201 Ι
871 1148 1006 1188 Actio¹
1038 1148 1163 1200 priori
1190 1145 1197 1201 Ι
1222 1147 1468 1200 pantomimo
1495 1145 1502 1200 Ι
1529 1144 1752 1197 cucumae²‚
1784 1149 1898 1199 vixitl

184 1217 301 1257 annis
331 1215 417 1256 XIX
449 1222 490 1255 et
515 1213 523 1269 Ι
547 1228 707 1256 menses
738 1216 778 1259 V.

299 1282 432 1316 Romae
456 1281 529 1327 (VI
538 1285 574 1324 5,
589 1283 681 1318 5247
698 1283 852 1317 Grutero
875 1285 974 1316 misit
992 1282 1244 1316 Gutenstenius
1266 1280 1443 1321 falsarius
1449 1290 1465 1326 ‚·
1488 1293 1535 1315 ex
1557 1283 1697 1316 schedis
1711 1282 1901 1317 Zaratinii

185 1338 371 1374 Castellini
401 1339 499 1372 edita
529 1343 581 1373 est
612 1338 744 1374 Civilia
775 1340 946 1374 eattolica
974 1350 1044 1373 ser.
1067 1340 1111 1374 43
1135 1339 1204 1375 vol.
1227 1339 1259 1380 6,
1283 1338 1373 1373 4895
1392 1348 1431 1382 p.
1453 1338 1545 1383 474).
1580 1357 1626 1364 -
1664 1340 1695 1381 1)
1726 1339 1900 1374 Diversus

181 1397 311 1431 Actius
335 1396 524 1431 comoedus
547 1407 650 1440 quem
672 1399 848 1430 memorat
865 1396 964 1430 Suet.
981 1395 1056 1430 Tib.
1068 1397 1120 1437 47,
1145 1397 1178 1429 si
1193 1395 1336 1439 quidem
1352 1397 1447 1428 recte
1462 1398 1594 1428 narrat
1609 1395 1803 1429 Suetonius
1819 1407 1899 1430 eum

185 1466 206 1487 a
236 1453 378 1488 Tiberio
402 1455 662 1487 manumissum
686 1465 769 1488 esse.
808 1454 876 1487 Hic
894 1456 1015 1498 potest
1041 1463 1113 1485 esse
1136 1453 1377 1486 manumissus
1400 1463 1423 1485 a
1449 1451 1626 1495 Caligula.
1644 1472 1686 1477 —
1712 1454 1747 1496 2)
1770 1453 1899 1487 Nescio

181 1514 306 1544 utrum
329 1511 379 1544 ad
398 1512 614 1554 pantomimi
636 1511 848 1544 vocabulum
872 1512 939 1544 lzoc
960 1511 1154 1554 pertineat,
1177 1520 1227 1542 an
1250 1518 1428 1551 agnomen
1451 1510 1501 1541 sit
1522 1511 1634 1543 Actii.

297 1591 409 1638 5183
462 1592 505 1633 C.
530 1592 748 1632 Ummidius
776 1590 782 1646 Ι
807 1593 964 1632 Actius²
992 1589 998 1645 Ι
1024 1590 1228 1631 anicetus²
1254 1588 1260 1644 Ι
1286 1593 1567 1643 pantomimus.

298 1659 458 1693 Puteolis
489 1658 542 1702 (X
561 1658 645 1692 4946
675 1660 728 1692 bis
751 1662 794 1692 ut
815 1659 960 1692 videtur
983 1658 1163 1701 descripta
1193 1668 1285 1692 saec.
1307 1656 1404 1691 XVI.
1426 1656 1558 1700 XVII).
1592 1677 1639 1682 —
1676 1660 1708 1700 1)
1731 1657 1900 1691 Libertus

181 1715 336 1756 fortasse
362 1715 558 1751 Ummidiae
582 1715 840 1758 Quadratillae,
865 1714 909 1748 de
931 1716 1034 1748 cuius
1053 1716 1288 1758 pantomimis
1310 1714 1403 1749 Plin.
1428 1725 1481 1758 ep.
1497 1714 1529 1757 7,
1552 1715 1613 1756 24,
1636 1716 1672 1749 5.
1701 1733 1748 1739 -
1783 1717 1816 1758 2)
1843 1714 1898 1755 Cl'.

182 1782 294 1815 supra
310 1770 356 1806 N.
371 1770 487 1807 44841’.
522 1772 582 1806 Ad
594 1773 741 1805 Actium
763 1772 919 1815 aliquem
935 1773 1138 1805 scaenicum
1158 1773 1341 1815 pertinent
1363 1773 1472 1804 etiam
1495 1771 1773 1805 acclamationes
1786 1773 1899 1805 scari-

179 1830 314 1872 phatae
337 1830 513 1872 Pompeiis
536 1830 576 1862 in
597 1829 798 1872 parietibus
820 1828 1065 1872 sepulcrorum
1089 1831 1197 1862 extra
1218 1830 1362 1872 portam
1385 1826 1606 1861 Nucerinum
1630 1827 1765 1872 (Boem.
1781 1827 1898 1862 Mittlz.

183 1886 271 1919 4888
291 1896 327 1928 p.
343 1886 433 1926 447).

298 1964 413 2011 5184
452 1966 504 2006 Μ.
526 1966 666 2018 Ulpius
686 1969 786 2018 Aug.
810 1965 878 2005 lib.
901 1966 1139 2018 Apolaustus
1166 1963 1172 2020 Ι
1198 1967 1390 2005 maximus
1421 1965 1768 2017 pantomimorum,
1795 1964 1801 2020 Ι
1829 1978 1897 2006 co-

188 2042 352 2075 ronatus
382 2035 568 2074 adversus
596 2033 812 2074 histriones
838 2031 844 2088 Ι
871 2040 910 2073 et
939 2045 1080 2073 omnes
1113 2033 1319 2073 scaenicos
1345 2032 1352 2087 Ι
1379 2028 1551 2074 artifices
1580 2032 1664 2073 XII.

298 2099 429 2133 Romae
453 2099 526 2144 (VJ
545 2099 650 2132 40444
672 2102 814 2133 ,saevius
838 2100 1016 2134 descripta
1038 2110 1128 2132 saec.
1154 2098 1267 2142 XVI).

299 2191 410 2238 5185
530 2193 571 2232 Ρ.
593 2193 726 2233 Aelius
745 2194 845 2244 Aug.
875 2191 943 2232 lib.
967 2191 1152 2245 Pylades¹
1183 2193 1450 2246 pantomimus
1482 2193 1684 2234 hieronica
1713 2194 1895 2234 instituit.

433 2261 478 2301 L.
496 2260 682 2301 Aurelius
695 2261 821 2313 Augg.
839 2259 907 2300 lib.
918 2260 1102 2314 Pylades²
1117 2260 1332 2307 hieronica,
1349 2260 1581 2313 discipulus,
1597 2261 1895 2302 consummavit.

301 2328 444 2362 Genuae
464 2326 519 2372 (V
529 2328 618 2362 7755
639 2328 748 2360 semel
769 2326 947 2370 descripta
970 2337 1061 2362 saec.
1079 2326 1189 2372 XVI).
1213 2346 1257 2352 -
1287 2329 1317 2369 1)
1341 2327 1496 2372 Pylades
1512 2330 1657 2372 primus
1681 2329 1897 2372 temporibus

183 2386 343 2429 Augusti
358 2386 619 2429 pantomimum
636 2385 818 2426 tragicum
835 2385 997 2418 instituit
1012 2383 1077 2429 (cf.
1095 2383 1197 2425 infra
1212 2383 1258 2418 N.
1271 2385 1359 2419 5497
1373 2387 1450 2419 not.
1464 2386 1517 2426 5).
1563 2385 1617 2418 Ab
1635 2386 1701 2418 hoc
1713 2386 1898 2428 principes

185 2443 291 2475 huius
315 2443 406 2475 artis
429 2451 558 2475 nomen
582 2440 638 2473 vel
653 2450 827 2483 agnomen
844 2440 992 2485 Pyladis
1007 2443 1144 2476 sortiti.
1189 2440 1243 2482 Cfi
1261 2452 1353 2484 quae
1370 2443 1537 2485 exposuit
1551 2441 1745 2475 Mommsen
1762 2440 1800 2474 V
1810 2441 1833 2474 l.
1846 2450 1896 2484 c.;

183 2497 431 2532 Friedliinder
456 2498 691 2540 Sittengesclz.
709 2498 733 2531 2
751 2497 821 2538 (ed.
837 2499 875 2540 ὅ)
895 2508 934 2541 p.
946 2498 1013 2532 568
1023 2509 1095 2542 seq.
1131 2498 1264 2532 Seneca
1290 2498 1382 2543 (nat.
1400 2501 1534 2542 quaest.
1549 2498 1582 2540 7,
1595 2498 1657 2538 32,
1671 2499 1735 2540 3).·
1759 2500 1896 2540 quanta

186 2565 274 2588 eura
291 2554 491 2596 laboratur,
511 2565 556 2588 ne
572 2556 676 2587 cuius
692 2555 907 2597 pantomimi
921 2564 1050 2588 nomen
1064 2556 1278 2599 intercidat;
1301 2558 1375 2588 stat
1388 2565 1454 2598 per
1468 2564 1687 2587 successores
1700 2553 1847 2598 Pyladis
1862 2557 1898 2586 et

184 2611 352 2656 Bathylli
368 2611 504 2645 domus.
542 2611 609 2644 Hic
625 2611 663 2644 P.
675 2611 800 2644 Aelius
816 2610 970 2655 Pylades
986 2611 1128 2645 videtur
1144 2612 1306 2646 diversus
1323 2614 1367 2646 ab
1384 2622 1424 2644 eo
1442 2621 1546 2654 quem
1566 2610 1746 2644 Traianus
1761 2612 1897 2644 amavit

186 2667 273 2707 (Dio
288 2669 344 2709 68,
360 2667 432 2712 40),
456 2667 594 2702 scilicet
617 2667 806 2710 aliquanto
830 2668 966 2710 iunior,
990 2669 1034 2701 ab
1060 2669 1247 2703 Hadriano
1271 2669 1410 2702 demum
1433 2669 1685 2701 manumissus.
1702 2686 1747 2692 —
1771 2668 1806 2709 2)
1830 2666 1896 2700 Hic

186 2723 330 2758 videtur
353 2735 425 2757 esse
448 2726 479 2757 is
503 2734 606 2768 quem
638 2727 838 2758 memorant
860 2724 1000 2757 Fronto
1025 2725 1074 2758 ad
1099 2725 1230 2759 Verum
1253 2725 1285 2768 4,
1302 2726 1325 2759 2
1347 2735 1384 2767 p.
1400 2723 1465 2757 445
1488 2723 1541 2757 ed.
1566 2722 1659 2759 Nab.
1683 2728 1718 2758 et
1742 2723 1895 2758 Galenus

186 2781 274 2825 περὶ
298 2781 369 2817 τοῦ
391 2777 673 2827 προγινώσκειν
697 2775 797 2825 πρὸς
819 2774 1011 2826 Ἐπιγένην
1034 2790 1064 2815 c.
1079 2782 1101 2815 6
1118 2781 1175 2824 (44
1196 2793 1232 2824 p.
1248 2783 1317 2816 652
1335 2780 1485 2824 Kuehn).

300 2872 413 2918 5186
453 2874 497 2914 L.
519 2875 678 2915 Aurelio
700 2877 799 2926 Aug.
831 2873 898 2912 lib.
923 2873 1074 2929 Pyladi-¹
1101 2872 1107 2927 Ι
1136 2874 1379 2926 pantomimo
1410 2874 1602 2925 temporis
1631 2874 1692 2914 sui
1722 2870 1893 2928 primo‚{

187 2940 424 2983 hieronicae'
443 2949 634 2983 coronato
655 2941 746 2990 1111,
778 2949 946 2994 patrono
974 2938 979 2995 Ι
1007 2941 1269 2993 parasitorum
1290 2941 1517 2994 Apollinis²‚
1547 2941 1741 2981 sacerdoti
1767 2938 1773 2994 Ι
1799 2953 1892 2994 syn-

188 3008 316 3057 hodi⁸‚
347 3010 541 3050 honorato
564 3010 738 3051 Puteolis
768 3010 806 3049 d.
826 3010 864 3049 d.
892 3008 897 3063 Ι
924 3010 1168 3050 ornamentis
1198 3009 1481 3050 decurionalib.
1507 3015 1547 3049 et
1571 3007 1580 3063 Ι
1605 3007 1893 3057 ᾶυυωνίταϋδ.,

188 3077 347 3128 auguri,
385 3077 435 3117 ob
466 3090 638 3119 amorem
679 3075 686 3133 Ι
726 3090 819 3130 erga
850 3078 1016 3131 patriam
1054 3084 1094 3118 et
1123 3078 1301 3118 eximiam
1338 3075 1624 3132 liberallitatem
1665 3077 1706 3117 in
1738 3076 1892 3117 edendo
