2092 3360
265 156 321 194 44
1013 155 1132 201 Caput
1155 156 1220 191 XI.

380 270 495 316 3332
546 273 620 324 Opi
642 272 739 323 Aug.
762 284 841 311 sac.
870 270 875 324 Ι
903 271 947 309 Α.
970 270 1182 322 Pompeius
1203 270 1362 310 Dativus
1388 268 1394 325 Ι
1422 271 1574 311 numini
1606 269 1875 326 sanctissimo,
1906 285 1981 329 per

265 340 451 379 antistitis
478 343 561 387 (sie)
590 338 594 393 Ι
622 339 762 386 iussus,
794 339 842 378 de
873 350 944 378 suo
973 335 978 391 Ι
1006 337 1109 377 fecit.

385 405 548 438 Theveste
581 404 686 444 (VIII
710 403 745 437 S.
769 404 878 438 46527
910 404 1002 437 vidit
1026 403 1215 448 Schmidt).
1240 423 1283 428 —
1308 404 1479 438 Fortasse
1511 406 1550 438 in
1580 406 1646 438 hoc
1669 406 1776 439 titulo
1799 405 1979 446 Africano

268 463 351 505 Opis
381 463 523 494 nomine
548 461 771 502 intellegitur
794 470 925 493 numen
951 471 972 493 a
997 459 1241 493 Romanorum
1266 461 1330 494 (lea
1358 462 1428 504 Ope
1450 462 1556 505 plane
1580 462 1768 497 diversum.
1821 461 1979 496 Titulum

268 518 426 551 Saturno
454 518 596 549 domino
622 519 657 548 et
684 517 750 558 Opi
773 518 924 559 reginae
947 519 1131 549 sacratum
1147 516 1335 550 Lambaesi
1356 519 1457 558 (item
1473 519 1671 562 complures
1686 518 1855 563 Saturni)
1879 519 1979 553 dabi-

265 585 342 606 mus
367 572 470 613 infra
496 574 592 606 inter
617 573 741 606 titulos
763 575 951 606 numinum
974 571 1246 612 Africanorum.

379 753 493 798 3333
554 751 750 810 [C]ereres
781 768 826 795 ca
849 785 857 794 .
881 786 889 794 .
923 785 931 794 .
955 785 964 794 .

379 822 532 854 Parisiis
562 825 601 854 in
632 831 764 864 museo,
801 821 932 855 tabella
963 832 1072 855 aenea
1108 821 1238 854 litteris
1272 823 1535 865 antiquissimis
1572 822 1608 862 (I
1629 822 1702 856 844.
1741 823 1794 857 VI
1817 823 1861 857 87
1890 823 1982 857 vidie

264 879 457 918 Huebner).
495 877 759 922 Supplendam:
786 878 929 912 Cereres
946 881 1074 920 castae,
1099 880 1156 912 vel
1174 881 1311 922 potius,
1332 878 1500 912 similiter
1523 881 1565 912 ut
1587 889 1698 922 supra
1721 878 1767 913 N.
1781 879 1890 914 5101:
1919 879 1979 914 Ce-

263 946 379 976 reres;
404 937 515 976 cas[te
539 934 676 976 facito}
704 934 828 968 Casius
848 935 986 969 Cereris
1001 938 1222 968 memoratur
1239 946 1295 979 ap.
1316 935 1463 968 Festum
1475 946 1512 978 p.
1530 936 1593 969 454
1609 946 1636 969 s.
1653 946 1685 969 v.
1701 937 1891 971 minuitur.
1924 935 1980 977 Cf.

266 993 376 1025 etiam
403 991 531 1024 Pascal
554 992 671 1025 Herm.
694 992 753 1034 30,
775 992 862 1026 4895
883 1003 919 1035 p.
938 993 1004 1026 549
1019 1003 1090 1035 seq.

378 1070 493 1117 3334
541 1072 676 1113 Cereri
705 1085 805 1113 sacr.
839 1079 913 1117 (vir
937 1079 1058 1111 bovem
1086 1078 1230 1119 ducens,
1256 1079 1311 1110 vir
1337 1079 1435 1110 tibiis
1459 1087 1600 1118 canens,
1624 1078 1755 1110 mulier
1777 1078 1908 1112 stolata
1933 1079 1984 1112 ad

265 1140 442 1182 tripodem
467 1142 541 1172 stat
569 1139 791 1180 sacrificans.
839 1140 881 1172 In
907 1140 1017 1173 latere
1041 1140 1170 1173 dextro
1195 1150 1334 1181 urceus,
1368 1139 1468 1179 infra
1493 1150 1574 1181 sus;
1606 1142 1644 1173 in
1667 1141 1817 1174 sinistro
1837 1142 1978 1183 patera,

264 1195 368 1236 infra
395 1198 480 1229 ovis.
528 1195 570 1228 In
589 1197 731 1238 postica
756 1200 907 1229 truncus
931 1196 1057 1239 lauri).

380 1252 557 1286 Carseolis
581 1263 654 1295 rep.
687 1253 757 1296 (IX
775 1254 860 1287 4054
886 1254 977 1285 vidit
1002 1252 1226 1294 Stevenson).

377 1332 491 1378 3335
553 1333 684 1373 Cereri
715 1335 878 1386 August.
915 1331 921 1388 Ι
961 1334 1075 1373 matri
1109 1329 1283 1389 [s]a[c]r.¹
1319 1331 1324 1388 Ι
1360 1333 1402 1373 L.
1435 1332 1611 1372 Bennius
1641 1332 1797 1374 Primus
1829 1331 1834 1388 Ι
1875 1346 1979 1387 mag.

264 1403 367 1456 pagi,
402 1402 408 1457 Ι
445 1401 596 1441 Bennia
626 1402 865 1454 Primigenia
898 1401 903 1456 Ι
939 1401 1136 1453 magistra,
1167 1402 1287 1440 fecer.
1322 1404 1329 1453 Ι
1366 1400 1601 1441 Germanico
1633 1399 1794 1441 Caesare
1824 1400 1872 1449 ΙΙ,
1899 1403 1906 1452 Ι
1933 1401 1977 1442 L.

265 1472 359 1511 Seio
391 1469 608 1510 Tuberone
640 1470 737 1510 cos.2
764 1467 769 1523 Ι
797 1469 887 1510 Dies
917 1469 1084 1509 sacrifici
1115 1468 1203 1508 Xlll
1225 1469 1262 1508 k.
1286 1468 1391 1509 Mai.³
1422 1473 1480 1516 (ln
1498 1472 1669 1506 lateribus
1685 1473 1852 1506 videntur
1866 1471 1981 1513 fuisse

263 1540 383 1582 spicae
407 1540 442 1570 et
465 1536 618 1579 taedae).

378 1594 560 1627 Incertum
586 1603 654 1636 quo
680 1593 758 1626 loco
784 1603 870 1636 rep„
895 1591 1050 1631 fortasse
1073 1593 1125 1624 ibi
1148 1593 1211 1625 ubi
1227 1591 1273 1626 Ν.
1288 1592 1394 1632 5556,
1418 1602 1492 1624 ana
1517 1601 1596 1624 cum
1621 1601 1691 1634 qua
1712 1592 1932 1635 proponitur
1955 1602 1978 1625 a

266 1651 478 1694 quibusdam
512 1649 581 1691 (XI
601 1650 689 1684 5496
721 1650 828 1683 semel
851 1649 1028 1692 descripta
1062 1659 1153 1682 saec.
1177 1648 1290 1692 XVI).
1340 1648 1556 1681 Ornamenta
1590 1648 1742 1681 laterum
1771 1647 1906 1681 similia
1928 1649 1978 1681 vi-

265 1708 396 1740 dentur
420 1706 536 1746 fuisse
560 1709 670 1739 etiam
695 1707 734 1738 in
758 1707 992 1749 inscriptione
1018 1705 1139 1739 Cereri
1162 1705 1327 1738 dedicata
1350 1704 1385 1738 X
1402 1705 1474 1738 467.
1498 1723 1543 1730 —
1571 1707 1603 1747 1)
1626 1705 1669 1738 In
1692 1706 1902 1748 apographo
1926 1707 1978 1738 vi-

265 1764 368 1798 detur
391 1763 504 1804 faisse
528 1773 600 1806 agr.
616 1782 659 1788 —-
687 1764 721 1804 2)
744 1763 789 1796 A.
802 1773 839 1806 p.
859 1762 892 1796 C.
908 1762 963 1796 48.
981 1781 1023 1787 -
1052 1763 1087 1805 3)
1112 1762 1153 1796 49
1169 1762 1269 1805 Apr„
1290 1764 1491 1804 postremus
1508 1761 1582 1794 dies
1601 1761 1766 1794 ludorum
1785 1761 1979 1795 Cerialium

264 1821 503 1860 urbanorum,
529 1818 576 1859 cll
603 1819 687 1853 CIL.
712 1819 731 1852 I
751 1820 804 1853 ed.
822 1821 844 1852 2
863 1819 994 1862 p.515.

378 1900 492 1945 3336
553 1901 684 1941 Cereri
711 1899 718 1953 Ι
744 1900 875 1952 frugif.
904 1897 910 1954 Ι
937 1912 1036 1940 sacr.
1064 1899 1069 1954 Ι
1097 1899 1140 1938 L.
1165 1899 1349 1940 Veianius
1380 1898 1543 1939 Cosmus
1571 1896 1577 1952 Ι
1602 1911 1641 1950 p.
1666 1912 1705 1952 p.

377 1968 511 2011 Nepete
537 1967 604 2011 (XI
625 1967 713 2001 5497
735 1967 827 1999 vidit
850 1967 1062 2007 Bormann).

377 2047 490 2093 3337
540 2053 666 2096 (caput
690 2055 813 2096 capri,-
842 2055 947 2085 inoeta
973 2052 1097 2092 culter,
1126 2052 1273 2095 patera)
1306 2047 1439 2087 Cereri
1473 2047 1479 2100 Ι
1515 2047 1635 2087 vert-²
1666 2058 1743 2087 sac.
1779 2045 1785 2101 Ι
1819 2045 1937 2086 Bovia
1969 2044 1976 2102 Ι

268 2118 432 2157 Maxima
461 2116 467 2170 Ι
493 2117 677 2157 sacerdos
713 2114 718 2168 Ι
743 2116 810 2155 XV
826 2116 950 2156 viral.²
976 2115 983 2169 Ι
1011 2121 1228 2162 (sequuntur
1264 2119 1403 2153 litterae
1435 2119 1632 2162 complures
1667 2118 1878 2152 dimidiatae
1904 2128 1978 2152 non

265 2187 381 2217 certae
406 2183 597 2226 lectionis).

379 2241 560 2283 Potentiae
576 2240 616 2272 in
633 2239 796 2273 Lucania
814 2240 865 2279 (X
879 2240 944 2273 429
960 2239 1054 2272 vidit
1067 2238 1289 2283 Mommsen).
1305 2257 1351 2264 —
1381 2240 1411 2280 1)
1438 2238 1639 2281 Cognomen
1663 2237 1751 2271 deae
1773 2237 1976 2271 obscurum.

263 2316 309 2322 —
335 2299 369 2340 2)
399 2296 610 2330 Sacerdotes
647 2295 983 2338 quindecimvirales
1017 2298 1207 2338 praeterea
1244 2306 1316 2328 non
1352 2298 1516 2329 novimus
1551 2296 1623 2327 nisi
1658 2293 1789 2328 Matr-is
1823 2303 1979 2336 magnae

265 2354 402 2394 Idaeae,
427 2352 475 2392 cs'.
502 2351 720 2394 Marquardt
745 2352 898 2385 Staatsv.
924 2352 979 2384 III
1002 2352 1055 2386 ed.
1077 2352 1100 2385 2
1123 2362 1159 2394 p.
1184 2352 1253 2385 595
1277 2355 1350 2387 not.
1367 2353 1388 2384 4
1413 2356 1447 2385 et
1470 2351 1569 2392 infra
1594 2353 1689 2384 inter
1714 2350 1839 2384 titulus
1861 2351 1978 2383 numi—

264 2421 350 2444 num
371 2411 659 2453 peregrinorum.

377 2489 494 2557 3338
535 2489 691 2530 Claudia
724 2489 849 2529 Attica
875 2487 881 2543 Ι
909 2489 1024 2528 Attici
1055 2485 1184 2544 Au[y.]
1218 2489 1284 2528 lib.
1317 2501 1338 2528 a
1368 2488 1567 2537 rationib„
1595 2489 1600 2544 Ι
1627 2489 1668 2528 in
1699 2487 1872 2528 sacrario
1903 2487 1976 2528 Ce-

266 2559 364 2599 reris
385 2560 609 2598 Antiatinae
636 2557 642 2610 Ι
669 2557 763 2597 deos
792 2569 862 2597 sua
886 2557 1063 2609 impensa
1095 2557 1239 2609 posuit,
1267 2555 1274 2610 Ι
1300 2557 1503 2597 sacerdote
1524 2557 1619 2597 Iulia
1642 2556 1821 2605 Procula,
1849 2554 1855 2609 Ι
1881 2558 1975 2608 Imp.

268 2627 420 2667 Caesar.
453 2626 676 2666 Domitiano
703 2624 710 2679 Ι
737 2627 835 2676 Aug.
867 2624 1090 2665 Germanic.
1122 2625 1173 2664 Xl
1204 2626 1300 2666 eos.¹

380 2695 482 2727 Antei
507 2704 592 2735 rep„
617 2696 666 2726 est
691 2692 856 2725 Veronae
882 2690 932 2734 (X
951 2693 1035 2725 6640
1061 2692 1151 2725 vidit
1177 2683 1396 2734 Mommsen).
1421 2711 1463 2716 —
1493 2692 1524 2730 1)
1549 2691 1591 2724 A.
1609 2690 1663 2723 85.

377 2783 491 2829 3339
551 2785 703 2824 monitu
733 2785 1000 2825 sanctissimae
1032 2785 1186 2825 Cereris
1216 2791 1255 2824 et
1285 2784 1551 2838 Nympharum
1583 2782 1647 2822 hic
1676 2788 1821 2835 puteus
1850 2782 1976 2822 sactus

268 2854 375 2893 omni
407 2854 589 2905 sumptu¹
616 2851 622 2906 Ι
651 2852 691 2892 C.
723 2852 864 2893 Caecili
887 2853 1063 2893 Onesimi
1090 2851 1096 2905 Ι
1124 2859 1251 2905 patro.
1282 2859 1321 2892 et
1351 2864 1416 2904 qq.
1447 2864 1487 2904 p.
1518 2864 1557 2904 p.
1589 2863 1623 2891 c.
1654 2862 1706 2890 m.
1738 2849 1934 2897 adinton-3,
1965 2853 1974 2902 Ι

265 2927 306 2960 et
335 2921 378 2960 L.
411 2921 597 2961 Hortensi
628 2920 726 2961 Galli
767 2922 774 2970 Ι
814 2933 880 2973 qq.
913 2920 1254 2969 nauticariorum⁸‚
1296 2919 1302 2975 Ι
1344 2926 1383 2960 et
1418 2919 1465 2960 N.
1496 2918 1670 2960 Treboni
1706 2916 1934 2970 Eutychetis
1965 2904 1973 2958 Ι

265 3001 333 3040 qq.
356 2988 388 3027 ll
420 2989 703 3040 acceptorum.⁴
729 2988 735 3036 Ι
763 2988 857 3028 Ded.
889 2988 921 3028 X
953 2988 990 3027 k.
1023 2989 1130 3041 Sept.
1156 2988 1355 3051 ‘Laterano
1385 2994 1426 3028 et
1454 2987 1599 3028 Rufino
1626 2984 1632 3042 Ι
1660 2986 1757 3027 cos!

382 3054 500 3087 Ostiae
524 3065 609 3097 rep.‚
642 3065 736 3088 nunc
760 3054 892 3088 Romae
918 3057 953 3088 in
980 3055 1169 3096 Vaticano,
1196 3055 1323 3098 puteal
1345 3054 1539 3089 rotundum
1563 3063 1802 3088 marmoreum
1827 3051 1935 3099 (XIV
1949 3052 1974 3087 2
