2092 3360
186 116 267 154 312
919 115 1038 161 Caput
1060 114 1144 150 XII.

184 232 280 272 hinc
322 245 442 285 porro
482 244 502 271 a
537 221 604 271 ῑῐ
646 230 693 270 ad
729 219 794 270 E‘C
834 236 874 269 et
913 230 1103 282 quidquid
1145 243 1263 284 supra
1305 244 1439 272 susum
1479 245 1634 274 versum
1673 231 1679 286 Ι
1721 236 1788 287 (34)
1806 236 1893 283 erit,

185 300 310 340 infimi
346 300 570 353 gladiatoris
600 298 772 351 pretium
802 298 852 338 sit
881 286 952 346 VT,
984 310 1104 350 super
1134 311 1222 338 eum
1244 289 1332 347 V—ll,
1363 301 1454 340 terti
1483 306 1590 341 retro
1610 292 1735 352 V—Ilff,
1767 305 1894 356 quarti

183 358 255 409 ’Χ-ΙἾ
277 357 549 419 εᾱυειῑυθῇῖ.
602 366 652 406 Et
674 367 770 406 haec
790 366 840 406 sit
860 378 1015 406 summo
1045 378 1090 406 ac
1111 367 1355 408 formonso³⁰
1383 368 1588 420 gladiatori
1617 368 1801 425 ᾶεῇΙ-(Βὸ)
1813 373 1894 412 nita

184 436 394 488 quantitas.
438 435 585 488 Utique
605 436 647 475 in
671 434 858 475 omnibus
887 434 1133 482 muneribus,
1166 447 1266 487 quae
1297 437 1515 487 generatim
1546 438 1730 478 distincta
1750 441 1893 490 sunt³¹,

183 505 323 544 lanista
345 503 544 544 dimidiam
566 503 720 556 copiam
742 502 915 543 universi
937 503 1094 543 numeri
1114 503 1346 555 promisque
1363 509 1447 554 (sic)
1477 503 1666 562 multitul-
1680 508 1746 558 (36)
1757 508 1895 549 dinis⁸²

183 571 370 624 praebeat
401 583 528 624 exque
560 572 633 620 his,
665 572 732 623 qui
762 570 959 623 gregari³³
989 570 1252 624 appellantur,
1285 572 1352 624 qui
1374 573 1527 614 meliori
1558 574 1779 615 acertatis³⁴
1808 576 1894 625 erit,

182 639 340 679 duobus
383 640 544 680 milibus
589 638 662 679 sub
708 638 865 691 signo³⁵
910 645 1081 692 pugnet,
1129 652 1203 679 nec
1249 640 1459 693 quisquam
1504 655 1549 682 ex
1595 655 1642 683 eo
1688 645 1893 698 numero}

182 709 249 758 (37)
267 707 372 747 mille
412 720 618 748 nummum
659 707 867 748 minore³⁰.
925 707 1104 748 Lanistas
1144 708 1260 748 etiam
1300 711 1592 761 promovendos
1626 711 1728 751 vili³⁷
1765 713 1894 753 studio

182 781 347 827 questus
370 779 454 824 (sic)
487 776 669 828 negem⁸⁸
714 775 789 816 sibi
831 776 984 828 copiam
1024 776 1204 817 dimidiae
1242 777 1365 829 partis
1403 778 1689 830 praebendas⁸⁹
1731 793 1817 822 esse
1848 794 1896 822 ex

183 842 271 899 nul-
286 845 353 896 (38)
370 857 482 884 mero
513 844 806 897 gregariorum,
847 845 903 884 uti
933 845 1061 885 sciant
1090 831 1301 897 inpositaih
1341 846 1415 886 sibi
1445 847 1721 888 necessitatem
1752 850 1800 889 ‹le
1829 862 1894 890 ce-

181 913 291 961 teris,
324 926 426 965 quos
446 912 630 957 meliores
651 913 935 966 opinabuntur,
967 914 1183 954 transferre
1203 913 1398 966 tantisper
1418 914 1593 967 plendi⁴⁰
1623 914 1786 972 nul-(39)
1797 918 1895 958 meri

181 981 455 1034 gregariorum
495 981 629 1034 gratia.
690 981 827 1034 Itaque
863 982 896 1022 is
934 994 1123 1022 numerus
1162 982 1367 1023 universae
1406 985 1574 1026 familiae
1608 986 1744 1037 aequis
1774 985 1894 1038 parti-

181 1048 255 1090 bus
286 1050 326 1090 in
348 1049 526 1102 singulos
547 1049 629 1090 dies
650 1050 916 1103 dispartimur,
946 1051 1099 1103 atque⁴¹
1130 1050 1210 1090 ullo
1232 1051 1294 1091 die
1315 1051 1447 1092 minus
1477 1065 1593 1105 quam
1621 1051 1626 1109 Ι
1654 1054 1722 1104 (40)
1737 1052 1895 1093 dimidia

179 1130 273 1170 pars
305 1119 579 1171 gregariorum
610 1119 660 1160 sit
690 1118 758 1168 ibi,
791 1118 858 1170 qui
889 1131 935 1158 eo
967 1118 1030 1158 die
1060 1118 1353 1160 dimicabunt⁴².
1415 1120 1543 1173 thue
1574 1134 1620 1162 ea
1650 1121 1896 1174 opservato⁴³

181 1198 202 1225 a
236 1185 388 1227 lanistis
419 1199 536 1239 quam
567 1187 865 1241 diligentissime
905 1187 1084 1238 exigatur
1113 1187 1403 1240 iniungendum
1430 1187 1435 1244 Ι
1462 1190 1531 1240 (41)
1546 1190 1606 1230 his
1636 1190 1704 1242 qui
1733 1189 1894 1243 provin-

181 1254 264 1294 ciae
295 1255 583 1308 praesidebunt
621 1262 659 1296 et
688 1256 824 1308 legatis
859 1255 919 1295 vel
949 1255 1226 1307 quaestoribus
1265 1257 1324 1296 vel
1353 1257 1491 1309 legatis
1521 1258 1724 1311 legionum
1759 1258 1820 1298 vel
1848 1257 1896 1298 iis

181 1323 248 1374 qui
270 1323 331 1363 ius
353 1324 491 1364 dicunt
512 1337 547 1364 c.
569 1324 637 1364 v.⁴⁴
667 1331 734 1364 aut
753 1330 1035 1377 procuratores
1064 1324 1324 1364 maximorum
1353 1323 1358 1379 Ι
1385 1325 1452 1378 (42)
1473 1326 1718 1379 principum,
1750 1325 1894 1378 quibus

179 1392 408 1443 provinciae
437 1399 571 1433 rector
600 1393 864 1443 mandaverit3
896 1391 968 1433 is²⁷
999 1393 1114 1432 etiam
1146 1399 1408 1445 procurator„
1440 1394 1507 1446 qui
1535 1394 1750 1447 provinciis
1779 1406 1893 1446 prae-

180 1459 378 1500 sidebunt.
439 1460 567 1501 Trans
598 1461 746 1501 Padum
779 1466 909 1500 autem
940 1473 1091 1513 perque
1123 1473 1261 1502 omnes
1291 1461 1422 1501 Italiae
1449 1459 1455 1515 Ι
1483 1462 1550 1512 (43)
1572 1462 1756 1514 regiones
1785 1461 1891 1502 arbi-

179 1528 299 1568 trium
331 1528 620 1581 iniungendum
650 1529 860 1582 praefectis
891 1529 1168 1568 alimentorum
1200 1529 1389 1579 dandis⁴⁵,
1430 1530 1463 1570 si
1493 1530 1679 1580 aderunt,
1718 1530 1779 1570 vel
1809 1530 1890 1570 viae

181 1597 375 1646 curatori,
417 1604 484 1637 aut
513 1597 546 1637 si
578 1610 653 1637 nec
683 1598 716 1638 is
746 1609 935 1649 praesens
966 1597 1053 1646 erit,
1092 1596 1258 1637 iuridico
1289 1598 1350 1638 vel
1376 1596 1381 1653 Ι
1409 1600 1477 1650 (44)
1498 1605 1584 1639 tum
1614 1598 1746 1639 classis
1775 1611 1891 1651 prae-

179 1665 304 1705 toriae
333 1665 545 1717 praefecto.
574 1663 579 1719 Ι
1275 1669 1277 1672 ’

296 1732 365 1787 (45)
380 1733 478 1774 Item
501 1746 644 1773 censeo
675 1733 723 1772 de
745 1732 919 1785 exceptis
949 1732 1001 1772 ita
1022 1733 1325 1784 opservandum,
1355 1740 1400 1774 ut
1419 1735 1679 1787 praecipuum
1699 1734 1892 1775 mercedis

180 1802 371 1854 gladiator
410 1801 486 1842 sibi
518 1801 684 1853 quisque
723 1801 946 1853 paciscatur
986 1800 1070 1840 eius
1100 1801 1344 1852 pecuniae⁴⁶,
1386 1815 1487 1854 quae
1519 1802 1570 1842 ob
1600 1803 1704 1843 hanc
1733 1814 1891 1843 causam

181 1867 340 1925 excipil-
358 1871 427 1921 (46)
446 1869 596 1917 ebatur,
636 1875 813 1921 quartam
845 1869 1071 1921 portionem
1102 1869 1215 1919 liber,
1254 1871 1405 1911 serus⁴⁷
1442 1878 1571 1911 autem
1614 1871 1791 1923 quintam
1825 1883 1890 1911 ac-

181 1938 349 1991 cipiat⁴⁶.
409 1938 466 1978 De
505 1938 629 1991 pretis
667 1943 799 1977 autem
838 1938 1097 1990 gladiatorum
1136 1938 1336 1991 opservari
1374 1939 1492 1992 paulo
1530 1945 1622 1979 ante
1661 1939 1798 1981 censui
1828 1952 1890 1980 se-

181 2006 357 2047 cundum
398 2003 633 2061 praescripl-
650 2006 717 2058 (47)
733 2011 817 2046 tum
862 2006 1015 2046 divinae
1055 2007 1264 2056 orationis,
1304 2007 1372 2048 sed
1412 2014 1456 2048 ut
1494 2020 1539 2049 ea
1577 2008 1702 2060 pretia
1739 2008 1785 2048 ad
1827 2020 1891 2048 eas

182 2075 357 2115 civitates
400 2074 649 2127 pertineat⁴⁸,
695 2075 735 2114 in
778 2073 923 2126 quibus
962 2074 1154 2127 ampliora
1192 2075 1450 2128 gladiatorum
1497 2076 1622 2129 pretia
1659 2075 1890 2129 flagrabant.

183 2142 297 2190 Quod
329 2142 360 2182 si
391 2142 535 2194 quihus
566 2142 786 2183 civitatibus
812 2141 816 2197 Ι
846 2144 911 2194 (48)
928 2155 992 2183 res
1022 2143 1180 2195 publica
1214 2143 1374 2184 tenuior
1404 2150 1482 2193 est,
1522 2157 1605 2184 non
1637 2145 1772 2184 eadem
1809 2156 1891 2185 ser-

181 2217 334 2260 ventur,
382 2223 481 2263 quae
520 2218 616 2264 aput
662 2211 845 2251 fortiores
885 2211 1059 2251 civitates
1101 2211 1247 2264 scripta
1285 2218 1399 2260 sunt,
1447 2224 1522 2251 nec
1565 2225 1684 2265 supra
1728 2211 1888 2252 modum

180 2279 323 2320 virium
364 2280 583 2329 onerent⁴⁹,
630 2279 695 2320 sed
735 2279 927 2320 hactenus
966 2280 1006 2319 in
1048 2280 1231 2329 eundem,
1267 2278 1273 2333 Ι
1307 2281 1374 2331 (49)
1396 2286 1440 2319 ut
1478 2280 1594 2332 que⁵⁰
1637 2280 1677 2320 in
1722 2279 1889 2333 publicis

180 2348 419 2401 privatisque
450 2348 671 2389 rationibus
711 2348 991 2401 repperientur
1026 2348 1153 2400 pretia
1188 2360 1340 2388 summa
1370 2360 1415 2388 ac
1445 2347 1572 2388 media
1602 2361 1648 2388 ac
1677 2355 1888 2401 postrema,

181 2417 376 2469 siquidem
406 2417 699 2470 provinciarum
732 2429 800 2457 eae
831 2416 1004 2456 civitates
1034 2422 1141 2464 sunt,
1173 2415 1221 2455 ab
1243 2429 1289 2456 eo
1318 2413 1324 2469 Ι
1351 2416 1417 2469 (50)
1435 2417 1503 2469 qui
1533 2416 1773 2469 praesidebit
1793 2427 1888 2468 pro-

182 2486 334 2526 vinciae
372 2492 646 2539 opserventur,
686 2491 905 2525 ceterarum
941 2490 1071 2524 autem
1111 2485 1278 2525 iuridico
1318 2485 1378 2525 vel
1415 2484 1587 2525 curatori
1625 2483 1887 2537 provinciae⁵¹

181 2554 241 2594 vel
282 2554 416 2595 classis
455 2554 676 2607 praetoriae
716 2553 914 2606 praefecto
953 2553 1014 2592 vel
1051 2553 1300 2606 procuratori
1336 2550 1341 2606 Ι
1383 2551 1453 2607 (51)
1474 2564 1744 2592 maxumorum
1775 2551 1887 2604 prin-

182 2622 334 2674 cipum,
375 2622 433 2662 uti
464 2622 655 2674 cuiusque
694 2621 859 2662 civitatis
894 2626 1080 2673 potestas,
1126 2621 1243 2673 que‘⁵2
1280 2621 1333 2661 ibi
1372 2621 1499 2674 prima
1532 2620 1618 2660 erit.
1676 2618 1805 2670 Atque
1834 2619 1887 2658 ita

181 2689 401 2730 rationibus
440 2690 575 2730 decem
606 2696 870 2730 retroversum
913 2701 1110 2735 annorum
1140 2690 1341 2742 inspectis,
1367 2688 1569 2741 >exemplis
1610 2684 1616 2740 Ι
1658 2687 1724 2738 (52)
1746 2699 1887 2727 mune—

183 2769 269 2797 rum
281 2755 310 2776 ⁶³
340 2757 380 2797 in
404 2770 559 2810 quaque
591 2758 743 2798 civitate
764 2757 867 2797 edito
879 2757 906 2778 ⁵⁴
937 2763 1066 2807 erunt,
1097 2757 1368 2805 consideratis,
1400 2754 1725 2796 conserventur⁵⁵
1756 2754 1804 2794 ab
1826 2767 1886 2802 eo,

183 2824 296 2864 cuius
326 2825 531 2866 arbitrium
563 2826 638 2866 erit
667 2827 715 2866 de
744 2825 872 2866 tribus
902 2826 1024 2878 pretis
1053 2825 1132 2873 vel,
1168 2826 1201 2866 si
1231 2825 1370 2865 melius
1401 2824 1435 2864 ei
1465 2822 1673 2870 videbitur,
1709 2820 1714 2876 Ι
1748 2822 1818 2876 (53)
1840 2835 1888 2863 ex

183 2904 228 2931 eo
260 2892 378 2933 modo
411 2906 528 2945 quem
558 2894 812 2947 persequitur
842 2893 999 2934 efficit⁶⁶
1038 2900 1078 2933 et
1105 2894 1294 2934 trifariam
1323 2892 1449 2945 pretia
1479 2892 1726 2932 deducantur
1763 2903 1887 2943 eaque

182 2960 308 3000 forma
339 2962 452 3001 etiam
474 2962 514 3001 in
537 2969 739 3014 posterum
761 2968 951 3002 servetur.
1003 2961 1216 3013 Sciantque
1245 2973 1280 3000 v.
1302 2960 1379 3008 c.⁵⁷,
1410 2959 1477 3011 qui
1498 2955 1681 3013 proconl-
1701 2959 1769 3010 (54)
1782 2959 1887 2999 sules

183 3028 300 3080 paulo
340 3035 432 3069 ante
472 3030 640 3082 profecti
679 3036 792 3078 sunt,
840 3030 944 3070 intra
983 3041 1099 3070 suum
1139 3029 1305 3081 quisque
1334 3039 1482 3067 annum
1523 3027 1553 3067 it
1585 3027 1786 3079 negotium
1818 3039 1885 3067 ex·
