2092 3360
607 165 723 202 Tituli
747 165 845 202 sacri
868 168 905 202 et
928 165 1170 202 sacerdotum.
1190 186 1236 194 —-
1259 166 1380 203 Liber.
1799 167 1852 205 49

686 281 787 322 Ades
817 293 913 334 ergo
939 281 946 335 Ι
972 294 1063 322 cum
1095 281 1261 323 Panisco

687 361 838 390 memor
865 346 872 403 Ι
897 349 974 391 hoc
1004 362 1171 391 munere
1203 357 1340 392 nostro
1368 348 1374 404 Ι

688 417 789 458 natis
818 418 967 471 sospite
999 424 1146 467 matre3
1174 417 1180 472 Ι

689 486 808 526 facias
836 485 969 526 videre
1002 486 1165 527 Romam
1191 486 1197 542 Ι

685 553 882 595 dominis⁸
917 567 1082 596 munere
1113 553 1279 611 bonolre

686 630 860 663 mactum
891 621 1234 678 coronaftumque.

253 687 441 721 Lambaesi
464 687 573 732 (VIII
585 690 679 724 2652
705 690 796 723 vidit
825 689 1054 734 lVilmanns).
1096 688 1150 730 Cl'.
1167 690 1361 723 Buecheler
1385 699 1496 723 carm.
1513 691 1632 733 epigr.
1649 702 1684 725 n.
1701 691 1796 726 4549.
1814 709 1855 717 -

142 746 174 787 1)
201 745 353 779 Videtur
378 746 604 779 scribendum
637 746 782 781 bimater
813 747 1090 791 (quadratur-ius
1113 747 1298 780 aberravit
1320 747 1359 779 in
1381 757 1524 780 versum
1547 748 1783 792 sequentem),
1816 751 1861 782 ut

139 801 303 836 Bacchus
322 804 473 836 vocatur
489 804 595 836 etiam
614 804 656 836 ab
677 803 804 838 Ovidio
821 807 900 838 met.
916 806 948 847 4,
961 805 1004 838 42
1022 806 1057 836 et
1072 803 1171 838 alibi.
1189 822 1231 828 -
1258 805 1291 847 2)
1317 802 1534 843 Praefectus.
1556 822 1602 829 -
1627 805 1662 847 3)
1686 804 1859 838 Fortasse

139 858 189 893 M.
205 859 376 892 Aurelius
399 861 434 892 et
459 860 584 901 Verus,
609 870 762 903 quorum
786 862 899 894 aetati
921 871 1064 894 carmen
1090 862 1220 904 optime
1244 862 1420 894 convenit.

255 938 374 985 3375
416 942 564 982 fecerat
592 942 792 982 Eufranor
821 943 1033 992 Bacchum,
1060 942 1069 997 Ι
1093 954 1212 995 quem
1243 941 1379 983 Gallus
1408 942 1580 982 honorat
1605 942 1612 996 Ι

472 1010 661 1051 fastorum
693 1010 854 1051 consul¹
887 1011 1062 1051 carmine
1090 1009 1096 1065 Ι
1122 1017 1211 1051 ture
1241 1010 1378 1051 sacris.

255 1074 387 1109 Romae
415 1078 455 1108 in
477 1079 596 1110 monte
619 1077 798 1110 Aventino
821 1087 909 1121 rep„
942 1077 1073 1111 litteris
1095 1088 1169 1111 non
1193 1078 1294 1110 bonis
1325 1076 1396 1120 (VI
1416 1078 1460 1111 48
1489 1076 1581 1110 vidit
1606 1076 1771 1116 Henzen,·
1809 1074 1858 1115 cf.

141 1132 307 1165 Huebner
331 1143 387 1166 σω.
411 1143 481 1166 scr.
505 1135 619 1176 epigr.
643 1145 679 1168 n.
695 1134 807 1178 4444).
850 1134 1046 1167 Buecheler
1070 1144 1180 1167 carm.
1205 1135 1318 1177 epigr.
1343 1145 1379 1168 n.
1394 1135 1472 1168 889.
1490 1153 1535 1159 —
1562 1134 1595 1176 1)
1618 1133 1863 1176 Significatur

142 1188 267 1222 Gallus
290 1188 425 1232 aliquis
449 1191 575 1224 consul
596 1191 818 1232 ordinarius,
849 1189 1005 1230 fortasse
1028 1192 1061 1223 is
1084 1192 1148 1234 qui
1172 1191 1299 1224 consul
1320 1189 1396 1231 fuit
1419 1201 1452 1224 a.
1468 1191 1548 1225 298.

255 1267 376 1314 3376
418 1269 617 1311 Bacchum
641 1267 646 1325 Ι
668 1277 708 1311 et
728 1271 919 1324 Sylenum
940 1275 1025 1319 (sic)
1048 1269 1054 1326 Ι
1076 1270 1232 1312 sobrios
1254 1269 1259 1326 Ι
1283 1271 1410 1312 vides:
1434 1270 1439 1325 Ι
1462 1271 1520 1312 sic
1544 1283 1684 1311 cocum
1705 1271 1709 1321 Ι
1733 1271 1861 1312 decet.

254 1336 385 1370 Romae
409 1337 478 1381 (VI
500 1338 543 1371 49
567 1338 658 1371 vidit
681 1338 855 1380 Henzen).
906 1337 960 1378 Cf.
983 1339 1178 1372 Buecheler
1201 1348 1310 1381 carm.
1336 1339 1451 1381 epigr.
1476 1337 1572 1371 4798.

255 1427 374 1474 3377
560 1430 623 1470 hic
654 1430 729 1470 fuit
758 1431 943 1472 horridus
968 1429 975 1485 Ι
1002 1436 1094 1471 ante
1124 1431 1248 1479 locus,
1276 1428 1282 1485 Ι

447 1498 595 1539 Asteri¹
627 1499 794 1540 consilio
824 1498 1014 1555 coeptus,
1047 1498 1178 1539 Liberi
1209 1505 1271 1539 ter
1302 1496 1496 1538 Bromio.2
1525 1497 1531 1549 Ι

559 1566 762 1618 Silvigeri³
791 1568 855 1608 dei
884 1567 1072 1608 auxilium
1100 1565 1108 1622 Ι
1132 1572 1367 1608 renovatum
1398 1567 1438 1606 in
1471 1565 1586 1606 urbe.

256 1630 388 1665 Romae
411 1633 431 1673 (
429 1632 465 1666 V
462 1633 480 1667 1
493 1634 559 1668 462
576 1634 745 1667 viderunt
760 1634 803 1668 de
818 1633 921 1668 Hosti
937 1637 972 1667 et
986 1635 1150 1676 Henzen;
1173 1635 1370 1668 Buecheler
1392 1644 1506 1668 carm.
1525 1635 1640 1677 epigr.
1658 1643 1693 1666 n.
1708 1632 1803 1676 894).
1818 1650 1861 1655 —

145 1690 177 1728 1)
203 1687 357 1722 Videtur
381 1701 454 1723 esse
476 1700 570 1724 unus
593 1702 639 1724 ea:
666 1690 808 1725 Turce‘is
831 1693 1043 1734 cognomine
1066 1691 1220 1724 Asteriis
1242 1702 1354 1735 supra
1378 1690 1424 1725 N.
1440 1691 1550 1725 4229.
1567 1690 1671 1731 4250,
1705 1687 1866 1728 fortasse

142 1745 377 1788 Apronianus
399 1745 605 1790 praefectus
628 1749 713 1781 urbi
736 1759 769 1781 a.
785 1749 864 1783 565.
885 1767 926 1773 —
952 1749 985 1790 2)
1011 1747 1118 1781 Liber
1132 1748 1276 1782 videtur
1300 1748 1374 1781 dici
1396 1751 1452 1781 ter
1468 1747 1651 1789 Bromius,
1676 1746 1740 1779 sed
1755 1755 1864 1788 quam

143 1802 187 1835 ob
211 1811 367 1844 causam,
391 1804 580 1837 obscurum
606 1804 670 1845 (cl'.
694 1805 888 1838 Buecheler
911 1805 934 1838 l.
952 1805 1010 1849 c.).
1058 1806 1127 1839 Pro
1153 1804 1289 1839 Bromio
1312 1805 1424 1839 scribi
1447 1804 1611 1837 debuisse
1637 1802 1797 1847 Bromiq.‚
1822 1805 1866 1835 ut

143 1859 354 1892 vocabulum
378 1861 568 1894 cohaereat
595 1870 676 1894 eum
700 1863 747 1894 iis
771 1872 863 1905 quae
884 1862 1121 1905 praecedunt,
1152 1865 1259 1905 putat
1282 1861 1436 1894 Henzen.
1478 1859 1731 1903 (significari,
1765 1857 1864 1899 filim

142 1913 282 1955 filiasve
296 1917 368 1948 tres
384 1917 520 1950 Asterii
543 1917 760 1951 dedicavisse
786 1920 872 1951 vino
892 1921 927 1951 et
943 1921 1034 1959 ture,
1058 1929 1174 1962 nuper
1190 1919 1342 1952 coniecit
1358 1915 1535 1960 Momm.)
1561 1934 1606 1940 —
1634 1916 1668 1957 3)
1693 1914 1861 1957 Intellegi

146 1970 288 2004 videtur
316 1971 496 2006 Silvanus.
547 1972 705 2007 Titulum
733 1977 936 2018 prostitisse
964 1977 1003 2008 in
1034 1974 1198 2008 aedicula
1229 1974 1354 2007 Liberi
1385 1976 1419 2006 et
1449 1972 1593 2006 Silvani
1624 1971 1864 2014 probabiliter

142 2029 271 2060 statuit
297 2029 447 2063 Henzen.

259 2118 379 2165 3378
437 2133 511 2173 pro
541 2122 666 2162 salute
692 2119 700 2176 Ι
726 2122 767 2162 P.
799 2122 979 2163 Betuleni
1006 2123 1013 2176 Ι
1041 2123 1135 2176 Apri
1165 2122 1409 2177 liberislque¹
1450 2123 1535 2163 eius
1577 2121 1658 2161 Iovi
1695 2120 1701 2175 Ι
1737 2135 1773 2162 ο.
1805 2134 1859 2161 m.

144 2187 289 2228 Libero
319 2188 439 2238 Lib.²‚
468 2187 474 2242 Ι
500 2191 708 2231 Niceforus
738 2190 831 2230 act?
855 2189 862 2245 Ι
889 2203 922 2230 v.
950 2204 980 2231 s.

260 2255 299 2288 In
318 2255 473 2297 Sabinis,
495 2268 609 2301 prope
626 2258 741 2291 locum
758 2257 892 2290 dictum
907 2256 1094 2300 Lavarete,
1118 2261 1203 2301 agri
1223 2261 1264 2291 ut
1280 2258 1423 2291 videtur
1438 2257 1661 2290 Amiternini
1686 2255 1757 2299 (IX
1768 2255 1859 2290 4645

143 2312 236 2345 vidit
257 2312 427 2355 Dressel).
454 2333 496 2338 —
525 2316 556 2356 1)
580 2313 791 2358 Requiritur
815 2314 1079 2359 liberorumque.
1105 2334 1148 2339 —
1173 2316 1208 2355 2)
1232 2314 1394 2349 Liberae.
1418 2333 1463 2339 —
1487 2315 1522 2354 3)
1548 2313 1674 2348 Actor.

257 2390 376 2437 3379
435 2393 601 2434 Liberae
628 2393 635 2448 Ι
661 2406 760 2434 saer.

257 2458 402 2503 Romae,
424 2471 491 2493 ara
517 2459 589 2503 (Vl
608 2462 672 2494 469
696 2459 744 2501 cs.
769 2460 850 2494 add.
873 2472 908 2504 p.
923 2461 1014 2495 5005
1038 2461 1130 2494 vidit
1153 2461 1323 2504 Henzen).

258 2537 378 2585 3380
416 2541 562 2582 Libero
592 2540 704 2594 paltri
735 2547 774 2581 et
804 2542 968 2582 Liberae
994 2540 1002 2596 Ι
1027 2542 1078 2585 Μ.
1102 2542 1188 2595 Ulp.
1211 2541 1422 2597 Firlminus
1454 2541 1572 2597 imlm.
1605 2541 1740 2582 librar.
1768 2541 1775 2596 Ι
1802 2541 1857 2594 p.¹

258 2607 442 2641 Potaissae
466 2607 622 2651 (Torda)
647 2611 686 2641 in
710 2608 825 2642 Dacia
851 2608 923 2651 (111
945 2608 981 2643 S.
996 2609 1080 2643 7684
1104 2609 1196 2642 vidit
1218 2608 1516 2651 Domaszewski).
1546 2627 1592 2634 —
1627 2611 1659 2651 1)
1686 2608 1860 2642 immunis

144 2662 317 2697 librarius
347 2663 411 2704 (cf.
437 2675 548 2708 supra
578 2664 623 2699 Ν.
645 2665 751 2710 2427)
779 2667 913 2708 posuit.
960 2664 1084 2698 Alium
1114 2665 1260 2699 titulum
1290 2676 1312 2698 a
1345 2666 1458 2699 milite
1489 2665 1644 2708 quodam
1674 2666 1859 2699 emer-eiius

143 2719 271 2754 Dacica·
290 2723 450 2763 positum
466 2721 596 2756 Libero
617 2725 720 2765 patri
744 2726 778 2755 ct
799 2721 950 2755 Liberae
974 2722 1080 2754 habes
1102 2731 1213 2765 supra
1238 2721 1284 2755 N.
1295 2722 1398 2756 2459.
1446 2722 1500 2755 Do
1525 2721 1654 2755 Libero
1671 2721 1856 2754 Dacorum

142 2775 192 2816 cs.
209 2776 474 2811 Domaszewslri
495 2777 568 2812 Bel.
585 2778 645 2811 des
661 2788 771 2812 roem.
788 2778 915 2811 Heeres
926 2788 963 2821 p.
975 2778 1030 2811 54.
1066 2777 1188 2810 Liberi
1207 2777 1374 2811 Thracici
1397 2778 1522 2811 titulos
1543 2777 1738 2811 nonnullos
1756 2777 1857 2811 dabi-

143 2842 223 2866 mus
246 2832 348 2873 infra
372 2835 411 2866 in
436 2837 554 2877 capite
578 2835 620 2868 de
642 2836 852 2868 numinibus
874 2835 1090 2876 peregrinis.

259 2923 374 2970 3881
429 2926 620 2980 templum
651 2926 782 2967 Liberi
815 2925 822 2980 Ι
856 2926 979 2979 patris
1014 2931 1053 2965 et
1085 2925 1247 2966 Liberae
1278 2923 1479 2979 vetusltate
1516 2924 1709 2966 dilabsum
1740 2925 1854 2965 resti-

144 2992 218 3033 tuit
243 2991 251 3046 Ι
277 2993 365 3033 coh.
388 2993 404 3032 Ι
434 2994 557 3046 Belg.¹
587 2994 749 3035 adiectis
778 2992 1021 3047 porlticibus‚
1058 3004 1193 3033 curam
1225 2999 1365 3046 agente
1391 2991 1398 3046 Ι
1426 2992 1482 3035 Fi.
1505 2992 1662 3033 Victore
1686 2989 1712 3033 7
1737 2992 1814 3045 leg.
1837 2992 1852 3032 1

144 3060 215 3100 Ad.
246 3073 285 3113 p.
317 3060 363 3100 ΓΒ
391 3060 397 3114 Ι
423 3061 568 3102 Severo
599 3068 638 3102 et
668 3062 909 3114 Pompeiano
936 3060 944 3114 Ι
971 3059 1004 3100 11
1026 3061 1123 3101 cos.³

212 3131 352 3166 Dmu,
371 3132 580 3169 Inscriptionos
598 3133 722 3162 Latinae
742 3133 781 3161 11.
1558 3129 1578 3160 4
