2092 3360
444 202 558 240 Tituli
582 213 733 251 operum
757 204 991 251 locorumque
1014 204 1255 251 publicorum.
1282 226 1327 233 —
1351 205 1654 244 Terminationes.
1818 209 1901 248 465

192 318 450 375 Patulcensil-
467 321 515 371 (6)
534 321 625 361 um⁴
655 321 705 362 Μ.
731 321 933 363 luventius
963 322 1057 363 Rixa
1104 324 1163 363 vir
1200 324 1474 365 ornatissimus
1513 332 1749 378 procurator
1786 326 1903 378 Αιις.ι

191 387 348 440 saepius
377 390 713 441 pronuntiaverit,
757 387 814 444 ῆΙ-
827 391 874 442 (7)
890 403 959 431 nes
990 391 1282 433 Patulcensium
1315 393 1366 433 ita
1398 393 1612 434 servandos
1641 406 1750 442 esse,
1782 399 1827 434 ut
1858 394 1899 434 in

191 454 323 496 tabula
344 456 492 497 ahenea
520 470 541 497 a
563 457 614 497 M.
636 457 817 499 Metello⁸
847 458 1017 499 ordinati
1043 456 1050 515 Ι
1076 459 1124 513 (8)
1145 467 1292 510 essent,
1323 461 1542 514 ultimoque
1572 462 1901 515 pronuntiaverit,

192 523 449 565 Galillenses⁷
487 526 719 578 frequenter
748 533 1008 568 retractantes
1037 526 1282 583 controverl·
1300 529 1348 581 (9)
1365 530 1470 571 siae⁸
1509 542 1584 570 nec
1614 536 1801 583 parentes
1831 530 1902 571 de-

190 598 301 633 creto
332 606 405 633 suo
435 606 478 634 se
497 595 689 646 castigare
709 595 893 643 voluisse,
923 596 992 636 sed
1014 602 1198 649 respectu
1230 597 1462 638 clementiae
1483 598 1634 651 optumi
1661 596 1667 653 Ι
1695 599 1762 650 (10)
1777 598 1901 638 maxi-

192 661 325 712 mique
346 661 540 715 principis
570 669 804 704 contentum
835 676 921 705 esse
943 664 1070 705 edicto
1091 665 1319 712 admonere,
1350 672 1395 706 ut
1414 666 1667 718 quiescerent
1687 673 1727 707 et
1746 665 1867 707 rebus
1894 667 1901 719 Ι

191 729 260 780 (11)
281 729 462 771 iudicatis
491 736 643 771 starent
672 738 712 772 et
740 732 844 772 intra
876 732 913 772 k.
936 729 1131 773 Octobres
1162 731 1308 783 primas
1341 733 1390 774 de
1420 734 1576 786 praedis
1607 735 1899 775 Patulcensium

191 797 427 838 recederent
454 798 727 854 vacuami-(12)
743 813 822 853 que
850 800 1141 854 possessionem
1172 800 1396 850 traderent;
1429 803 1568 854 quodsi
1590 803 1630 843 in
1652 804 1900 844 contumacia

191 873 522 918 perseverassent,
545 881 587 909 se
611 869 652 909 in
669 875 853 910 auctores
881 867 886 922 Ι
913 869 982 920 (13)
997 867 1202 908 seditionis
1223 881 1358 909 severe
1374 870 1503 910 anima
1523 870 1779 912 adversurum
1794 875 1900 921 (sie);

190 940 231 973 et
260 940 352 986 post
372 947 415 975 ea
438 935 630 977 Caecilius
649 937 847 990 Simplex⁹
875 937 935 977 vir
955 936 1328 990 clarissil-(14)mus,
1360 951 1408 978 ex
1438 939 1572 979 eadem
1604 951 1740 979 caussa
1770 939 1900 980 aditus

190 1014 211 1041 a
243 1001 522 1045 Galillensibus
551 1004 796 1046 dicentibus:
836 1005 1010 1046 tabulam
1039 1018 1082 1046 se
1112 1005 1161 1045 ad
1191 1019 1275 1046 eam
1308 1019 1393 1047 rem
1419 1005 1426 1060 Ι
1452 1007 1519 1058 (15)
1550 1007 1820 1060 pertinentem
1852 1021 1898 1048 ex

190 1070 383 1111 tabulario
417 1072 612 1126 principis
642 1073 854 1120 adlaturos,
890 1074 1223 1126 pronuntiaverit,
1260 1075 1477 1115 humanum
1509 1088 1595 1116 esse
1619 1074 1626 1130 Ι
1655 1077 1722 1127 (16)
1745 1076 1900 1116 dilatio-

192 1151 283 1179 nem
315 1140 542 1193 probationi
562 1141 665 1188 dari,
697 1147 737 1182 et
765 1142 806 1182 in
838 1141 875 1184 k.
898 1141 1136 1182 Decembres
1166 1143 1287 1182 trium
1319 1156 1500 1184 mensum
1531 1144 1702 1197 spatium
1733 1144 1898 1192 dederit,

190 1206 264 1263 inl·
281 1210 349 1259 (17)
366 1214 425 1248 tra
463 1221 580 1261 quam
619 1210 722 1250 diem
764 1210 838 1250 nisi
877 1211 1003 1250 forma
1042 1210 1155 1250 allata
1194 1217 1317 1259 esset,
1357 1225 1399 1252 se
1438 1224 1544 1260 eam,
1585 1225 1686 1264 quae
1725 1213 1765 1253 in
1804 1226 1899 1267 pro-

188 1278 316 1319 vincia
347 1283 470 1324 esset,
508 1283 760 1328 secuturum
789 1277 793 1332 Ι

309 1347 378 1398 (18)
409 1358 482 1398 ego
528 1358 688 1399 quoque
733 1348 862 1388 aditus
904 1360 926 1387 a
972 1347 1249 1388 Galilleusibus
1294 1348 1596 1397 excusantibus,
1642 1349 1750 1401 quod
1795 1363 1898 1390 non-

188 1415 282 1456 dum
328 1417 453 1455 forma
497 1414 610 1454 allata
652 1422 775 1463 esset,
822 1416 862 1456 in
903 1414 911 1470 Ι
953 1417 1021 1468 (19)
1052 1416 1091 1458 k.
1132 1415 1366 1456 Februarias
1408 1429 1509 1469 quae
1546 1431 1586 1470 p.
1627 1418 1685 1457 f.¹⁰
1727 1418 1896 1470 spatium

187 1485 386 1532 dederim,
431 1490 471 1523 et
500 1483 667 1523 moras¹¹
707 1483 783 1524 illis
818 1483 1115 1537 possessoribus
1152 1484 1376 1537 intellegam
1407 1498 1492 1526 esse
1530 1482 1686 1536 iucunl-
1703 1486 1772 1537 (20)
1788 1486 1898 1528 dam:

189 1553 406 1593 Galilenses
445 1564 493 1592 ex
530 1551 679 1592 finibus
719 1552 1013 1593 Patulcensium
1052 1552 1366 1605 Campanorum,
1413 1566 1513 1606 quos
1551 1566 1623 1607 per
1661 1554 1736 1593 vim
1777 1566 1898 1594 occu-

189 1628 397 1675 paverant,
446 1621 550 1660 intra
594 1619 632 1659 k.
671 1619 677 1675 Ι
721 1621 789 1673 (21)
819 1621 973 1674 Apriles
1012 1622 1159 1674 primas
1198 1621 1404 1662 decedant.
1474 1621 1622 1668 Quodsi
1673 1621 1764 1662 huic
1804 1634 1899 1675 pro-

190 1689 430 1731 nuntiationi
462 1701 543 1728 non
575 1690 957 1741 optemperaverint,
990 1690 1139 1738 sciant,
1176 1688 1182 1744 Ι
1219 1691 1287 1742 (22)
1307 1703 1350 1731 se
1379 1690 1524 1743 longae
1554 1690 1828 1730 contumaciae
1859 1698 1899 1730 et.

189 1759 265 1799 iam
304 1770 421 1811 saepe
465 1756 719 1797 denuntiatae
762 1758 882 1798 anim.
920 1758 1182 1798 adversioni¹²
1211 1758 1407 1799 obnoxios
1433 1756 1439 1812 1
1464 1759 1533 1810 (23)
1566 1760 1733 1799 futuros.
1853 1758 1896 1798 ln

188 1826 356 1867 consilio
385 1826 568 1865 fuerunt:
606 1825 658 1865 M.
681 1826 803 1867 lulius
832 1827 1026 1867 Romulus
1055 1827 1132 1879 leg.
1155 1840 1228 1880 pro
1248 1839 1330 1880 pn,
1362 1827 1407 1866 T.
1430 1827 1570 1867 Atilius
1590 1827 1762 1868 Sabinus
1793 1827 1864 1878 q.¹³
1891 1825 1896 1880 Ι

188 1895 257 1945 (24)
279 1906 354 1947 pro
383 1906 459 1946 pr„
490 1893 540 1933 M.
573 1893 786 1935 Stertinius
814 1895 942 1935 Rufus
971 1895 1043 1943 f.¹⁴,
1083 1895 1170 1935 Sex.
1193 1895 1326 1935 Aelius
1355 1895 1568 1942 Modestus,
1612 1895 1656 1934 P.
1687 1894 1898 1934 Lucretius

188 1963 384 2009 Clemens,
414 1961 465 2000 M.
490 1962 681 2002 Domitius
707 1961 713 2014 Ι
742 1963 810 2012 (25)
828 1962 974 2010 Vitalis,
1006 1963 1057 2002 M.
1075 1963 1218 2003 Lusius
1238 1962 1373 2010 Fidus,
1395 1962 1446 2002 M.
1462 1962 1674 2003 Stertinius
1694 1962 1866 2003 Rufus.¹³
1887 1962 1894 2018 l

189 2031 441 2082 Signatores:
472 2028 544 2069 Cn.
576 2029 738 2082 Pompei
770 2030 942 2071 Ferocis.
1002 2031 1137 2070 Aureli
1180 2029 1185 2083 Ι
1227 2033 1295 2081 (26)
1316 2030 1428 2070 Galli.
1488 2030 1539 2070 M.
1560 2030 1688 2071 Blossi
1718 2031 1895 2084 Nepotis.

189 2100 230 2140 C.
263 2097 379 2138 Cordi
416 2096 570 2138 Felicis.
630 2097 673 2137 L.
701 2097 837 2150 Vigelli
870 2098 1054 2152 Crispini.
1115 2099 1160 2138 L.
1190 2098 1318 2138 Valeri
1355 2098 1487 2138 Fausti
1547 2098 1598 2140 M.
1630 2097 1762 2155 Lutal-
1778 2099 1847 2149 (27)
1866 2099 1895 2139 ti

187 2168 338 2208 Sabini.
397 2165 440 2205 L.
474 2165 613 2206 Coccei
652 2165 839 2206 Genialis.
907 2166 950 2206 L.
985 2167 1082 2206 Ploti
1124 2167 1224 2208 Veri.
1284 2167 1329 2207 D.
1361 2166 1497 2206 Veturi
1536 2166 1689 2208 Felicis.
1750 2167 1794 2207 L.
1821 2167 1894 2206 Va-

187 2238 258 2279 leri
290 2236 410 2290 Pepli.

305 2316 439 2350 Tabula
475 2325 586 2347 aenea
617 2323 692 2356 rep.
726 2315 766 2345 in
791 2313 964 2347 Sardinia
998 2315 1172 2347 interiore
1206 2314 1256 2347 ad
1289 2315 1408 2347 vicum
1439 2314 1625 2355 Exiet-zai,
1662 2318 1714 2347 est
1748 2314 1893 2348 Sassarz

187 2374 238 2414 (X
256 2374 347 2407 7852
382 2372 476 2405 vidit
510 2370 733 2414 Mommsen).
784 2370 970 2404 Tractam't
1003 2370 1198 2404 Mommsen
1233 2372 1351 2405 Herm.
1375 2372 1398 2404 2
1433 2381 1470 2414 p.
1495 2371 1559 2404 102
1597 2369 1646 2408 cf.
1679 2370 1713 2412 3,
1739 2371 1812 2404 167.
1849 2390 1894 2395 -

190 2434 221 2469 1)
246 2430 290 2464 48
306 2430 414 2464 Mart.
429 2430 482 2463 69.
498 2447 543 2452 —
568 2428 602 2470 2)
625 2427 720 2460 Idem
743 2426 909 2469 fortasse,
934 2438 1035 2470 quem
1058 2430 1233 2461 memorat
1255 2428 1327 2461 Dio
1351 2428 1403 2468 67,
1419 2428 1454 2462 3.
1479 2446 1524 2452 -
1553 2429 1588 2469 3)
1613 2426 1766 2460 Videtur
1787 2428 1893 2460 intel-

186 2488 373 2531 legendum
397 2497 489 2519 esse.-
514 2485 700 2528 capitibus.
724 2502 769 2508 —-
793 2485 827 2523 4)
852 2484 1008 2527 Populus
1032 2485 1100 2526 Ιιίο,
1124 2486 1331 2518 nominatus
1353 2487 1462 2517 etiam
1485 2486 1526 2517 in
1550 2487 1574 2517 t.
1599 2483 1715 2517 Sardo
1741 2482 1775 2516 X
1793 2483 1893 2524 7933.

184 2548 373 2588 praeterea
395 2544 544 2586 ignotus
566 2544 618 2574 est
639 2540 786 2582 (Palvic-
811 2541 977 2583 legerunt
1004 2543 1117 2584 primi
1139 2543 1236 2575 aeris
1261 2541 1443 2585 editores).
1483 2560 1528 2565 -—
1568 2542 1602 2580 5)
1631 2540 1804 2573 Sardinia
1828 2543 1893 2574 sub

184 2601 486 2646 procuratoribus
507 2597 593 2640 fuit,
617 2607 729 2640 usque
753 2598 801 2630 ad
823 2607 959 2630 annum
973 2598 1026 2638 67,
1050 2608 1119 2640 quo
1145 2609 1239 2631 anno
1258 2595 1357 2632 Nero
1382 2608 1459 2630 eam
1483 2598 1627 2629 senatui
1650 2597 1810 2630 reddidit
1823 2608 1893 2640 pro

186 2659 339 2691 liberata
362 2657 502 2690 Achaia
528 2656 699 2695 (Pausan.
722 2655 753 2696 7,
770 2655 822 2696 47,
836 2655 888 2697 3).
928 2653 982 2694 Gt:
1006 2654 1198 2687 Mommsen
1223 2654 1259 2689 C.
1276 2654 1303 2687 I.
1317 2653 1356 2687 L.
1381 2652 1416 2687 X
1434 2664 1470 2696 p.
1485 2653 1558 2687 777.
1595 2652 1690 2686 ἣτ’-τα
1716 2654 1774 2686 liic
1797 2654 1893 2687 vide-

185 2718 247 2748 tur
269 2714 417 2747 ultimus
438 2711 553 2753 fuisse
573 2715 866 2756 procuratorum.
888 2731 934 2737 —
958 2714 992 2753 6)
1017 2711 1148 2745 Consul
1171 2723 1204 2744 a.
1229 2722 1265 2744 u.
1280 2712 1358 2749 639,
1384 2712 1447 2752 qui
1471 2710 1710 2753 triumphavit
1733 2721 1781 2743 ex
1806 2710 1891 2744 Sar·

186 2773 286 2805 dinia
309 2781 342 2804 a.
360 2771 437 2804 645.
459 2789 506 2795 —
530 2772 563 2812 7)
588 2770 745 2813 Populus
769 2772 803 2801 ot
825 2770 901 2811 ipse
923 2769 1081 2811 ignotus,
1104 2769 1178 2801 nisi
1201 2767 1297 2811 quod
1318 2769 1358 2799 in
1378 2776 1519 2809 gemma
1545 2765 1580 2799 X
1598 2767 1695 2809 8061,
1711 2767 1730 2799 4
1756 2767 1895 2800 dicitur

185 2830 398 2871 inscriptum
422 2837 494 2859 esse
518 2826 635 2859 Larum
658 2825 663 2870 Ι
684 2824 933 2860 Galillensium.
973 2843 1016 2850 —
1057 2825 1091 2866 8)
1117 2824 1194 2858 Ser.
1227 2822 1505 2857 controversiam.
1544 2840 1590 2847 —
1629 2823 1663 2864 9)
1686 2823 1829 2856 Primus
1851 2827 1893 2856 ut

186 2885 327 2918 videtur
345 2883 602 2927 proconsulum
626 2883 819 2917 Sardiniae
840 2884 923 2924 post
942 2883 1210 2923 procuratores,
1230 2879 1485 2922 praedecessor
1500 2878 1541 2912 L.
1556 2879 1674 2911 Helvii
1690 2880 1891 2922 Agrippae.

188 2941 317 2976 consul
331 2939 510 2981 suffectus
525 2939 600 2980 fuit
613 2951 646 2973 a.
662 2941 705 2974 69
722 2942 872 2972 exeunte
889 2938 990 2978 (Tac.
1008 2939 1088 2971 hist.
1104 2938 1140 2977 2,
1151 2938 1194 2970 60
1207 2939 1301 2978 cet.).
1320 2954 1364 2960 —
1384 2938 1438 2977 10)
1456 2936 1650 2968 Proximus
1666 2933 1831 2975 fuerunt.
1846 2954 1891 2962 —-

189 2999 245 3039 11)
271 2998 349 3032 Ser.
364 3007 505 3031 moram.
520 3016 566 3021 —
591 2998 648 3039 12)
673 2997 744 3037 Sic,
769 3007 847 3030 cum
870 2998 1006 3038 puncto
1031 2997 1126 3027 inter
1150 2994 1250 3026 anim.
1276 2995 1311 3025 et
1333 2992 1539 3026 adversioni.
1556 3010 1600 3017 -—
1628 2992 1683 3033 13)
1702 2991 1890 3034 Quaestor.

187 3072 232 3078 —
249 3056 304 3096 14)
322 3053 443 3088 Filius
458 3054 610 3098 (scilicet
625 3055 703 3087 eins
719 3056 821 3086 cuim
836 3062 964 3085 nomen
979 3053 1101 3094 postea
1116 3051 1365 3093 perscriptum,
1390 3049 1469 3081 vide
1485 3052 1557 3082 not.
1571 3049 1641 3092 45).
1658 3066 1704 3072 —
1730 3050 1785 3090 15)
1802 3048 1892 3082 Sub-

186 3112 350 3154 coquitur
371 3111 488 3152 filium
512 3111 620 3153 longo
643 3110 847 3149 intervallo,
871 3109 1008 3142 scilicet
1032 3107 1103 3141 Ioci
1125 3109 1242 3140 minus
1266 3107 1446 3140 honorati.

254 3182 395 3218 nmo,
418 3183 626 3220 ascriptiones
643 3183 767 3212 Latinae
786 3182 825 3211 11.
1572 3174 1616 3208 30
