2092 3360
57 3073 63 3078 ·
132 3066 174 3099 in
195 3065 343 3109 indice).

599 153 716 192 Tituli
739 153 837 191 sacri
862 156 902 191 et
923 154 1169 192 sacerdotum.
1187 174 1229 181 -
1248 153 1368 192 Genii.
1795 152 1848 192 87

247 268 362 316 8673
400 271 431 312 1.
452 284 489 312 o.
511 283 564 312 m.
590 269 598 326 Ι
624 276 664 311 et
683 270 765 312 Soli
785 271 918 313 divino
945 269 951 328 Ι
979 277 1018 314 et
1038 270 1166 312 Genio
1192 268 1198 326 Ι
1224 269 1391 311 venalici
1418 267 1424 324 Ι
1450 269 1498 318 Q.
1520 268 1643 310 lulius
1664 269 1819 310 Maximi
1842 271 1849 324 Ι

134 339 201 380 lib.
233 338 341 379 Felix
367 336 373 395 Ι
400 352 490 380 cum
521 339 616 380 lulia
643 336 650 395 Ι
676 338 724 387 Q.
754 340 780 380 s.
806 339 983 382 Romana
1011 339 1017 396 Ι
1044 339 1214 392 coniuge
1245 338 1375 379 libens
1402 338 1522 379 anim.
1549 335 1556 394 Ι
1581 343 1661 378 vot.
1691 337 1819 387 solvit,
1843 337 1848 387 Ι

134 407 230 461 imp.
251 405 495 450 lllllllll¹
522 404 529 463 Ι
554 406 708 449 Caesar.
730 409 830 461 Aug.
853 408 945 449 Ger.
968 408 1051 456 ΧΙΙ,
1079 408 1086 462 Ι
1113 407 1197 448 Ser.
1221 406 1404 448 Cornelio
1425 405 1628 448 Dolabella
1658 405 1758 447 cos.¹

247 473 379 508 Romae
402 486 478 519 rep.
501 485 576 509 una
600 485 679 509 cum
704 476 753 507 iis
776 485 867 518 quae
889 475 1112 519 praecedunt
1140 474 1213 514 (VI
1231 475 1302 509 598
1323 474 1416 508 vidit
1439 473 1611 516 Henzen).
1643 492 1690 498 —
1721 474 1754 516 1)
1778 473 1850 506 Do·

133 533 280 565 mitium·
302 542 431 565 nomen
454 533 635 566 abrasum.
660 551 704 556 —
736 533 770 574 2)
794 533 839 566 Α.
861 534 917 567 86.

246 611 363 658 3674
416 613 495 654 lovi
527 626 564 653 o.
595 625 648 653 m.
685 611 690 667 Ι
725 619 765 653 et
794 613 890 653 deae
921 614 1060 655 Suriae
1094 612 1101 669 Ι
1136 619 1176 654 et
1205 612 1332 653 Genio
1367 612 1531 651 venalici
1565 610 1570 666 Ι
1605 611 1647 652 C.
1678 611 1851 652 Granius

135 680 294 722 Hilarus
319 679 326 737 Ι
352 693 443 722 cum
474 681 598 722 Lissia
630 680 775 721 Sabina
801 678 807 736 Ι
834 694 870 723 v,
902 694 935 721 v.

246 747 389 791 Romae,
412 749 591 782 incertum
615 759 685 792 quo
711 748 790 782 loco
814 749 916 782 urbis
939 759 1014 792 rep.
1040 748 1110 789 (Vl
1124 749 1193 782 599
1216 746 1409 790 aliquoties
1424 746 1605 790 descripta
1627 756 1718 781 saec.
1736 745 1850 790 XVI).

245 828 360 876 3675
420 830 546 870 Genio
580 826 588 885 Ι
627 829 887 870 Noricorum¹
924 827 930 882 Ι
971 829 1015 869 L.
1047 829 1170 869 lulius
1199 828 1343 869 Bassus
1378 826 1384 882 Ι
1423 827 1698 868 stationarius*
1735 825 1742 881 Ι
1781 839 1849 867 eo-

132 910 222 940 rum
248 897 256 954 Ι
282 898 319 938 d.
350 899 388 939 d.

245 964 389 1010 Romae,
413 967 591 999 incertum
615 974 685 1009 quo
710 964 787 998 loco
810 965 911 997 urbis
934 973 1009 1007 rep.
1034 963 1105 1004 (VI
1126 963 1195 997 250
1219 963 1312 997 vidit
1335 963 1506 1006 Henzen).
1535 982 1580 987 -
1614 963 1647 1006 1)
1672 961 1850 995 Stationes

132 1024 414 1065 municipiorum
438 1022 488 1055 ad
500 1021 625 1062 famem
641 1020 839 1054 Romanum
863 1022 1039 1053 memorat
1060 1020 1199 1053 Plinius
1215 1020 1249 1054 Ιι.
1266 1031 1302 1053 n.
1318 1020 1370 1062 46,
1383 1021 1434 1061 44,
1450 1021 1528 1062 256,
1545 1014 1733 1052 ‘tabernas
1750 1020 1848 1052 circa

131 1077 255 1119 forum
281 1080 486 1112 civilatibus
513 1079 564 1112 ad
583 1080 776 1112 stationem
800 1070 953 1111 locatas'
978 1076 1076 1111 Suet.
1100 1076 1186 1110 Ner.
1206 1077 1262 1111 37.
1310 1077 1364 1110 Eo
1389 1077 1477 1119 loco,
1500 1077 1564 1109 ubi
1587 1077 1676 1110 haec
1699 1087 1767 1109 ara
1791 1075 1848 1109 de·

131 1135 254 1168 dicata
286 1138 383 1178 erat,
413 1137 576 1169 civitates
597 1133 729 1169 Norici
757 1136 948 1168 stationem
977 1144 1080 1167 suam
1113 1134 1289 1175 habuisse,
1318 1135 1538 1167 stationario
1570 1143 1693 1166 eorum
1724 1142 1849 1166 curam

133 1194 273 1234 agente,
294 1193 532 1234 probabiliter
549 1194 660 1235 putat
683 1190 889 1226 Mommsen.

245 1271 360 1318 3676
407 1273 534 1314 Genio
558 1270 567 1329 Ι
593 1279 768 1314 senatus.

246 1339 372 1374 Siccae
399 1341 574 1375 Veneriae
598 1338 704 1384 (Kef)
729 1341 770 1373 in
792 1340 983 1383 provincia
1003 1338 1260 1382 proconsulari
1283 1335 1414 1378 Africa
1441 1336 1548 1381 (VIII
1569 1338 1605 1371 S.
1623 1339 1733 1372 45848
1756 1337 1848 1371 vidit

132 1396 320 1439 Schmidt).
335 1416 378 1422 —
403 1397 446 1430 In
467 1398 658 1440 provincia
681 1396 772 1430 Asia
795 1406 869 1430 non
892 1406 1000 1429 rarae
1024 1395 1265 1428 dedicationes
1287 1397 1373 1427 sunt
1394 1395 1471 1445 θεᾷ
1495 1390 1691 1443 συγκλήτῳ
1714 1394 1849 1435 factae.

244 1475 358 1522 3677
408 1477 536 1519 Genio
561 1476 570 1533 Ι
595 1478 754 1531 plebei.¹

244 1545 378 1579 Romae
412 1555 488 1588 rep.
530 1544 580 1577 ad
613 1545 786 1588 Appiam,
825 1554 921 1577 nunc
956 1543 1156 1578 Mediolani
1194 1542 1272 1588 (VI
1300 1544 1368 1578 249
1407 1543 1500 1576 vidit
1534 1542 1763 1584 Mommsen).
1801 1559 1849 1567 —-

129 1603 168 1651 gl)
191 1602 311 1635 Potest
331 1603 493 1645 spectare
516 1601 567 1635 ad
582 1601 720 1645 plebem
756 1602 901 1644 collegii
923 1601 1089 1635 alicuius.
1134 1599 1307 1634 Naronae
1328 1603 1369 1633 in
1391 1600 1577 1634 Dalmatia
1604 1599 1714 1633 Genio
1735 1600 1848 1643 plebis

130 1658 318 1706 dedicatus
341 1661 392 1692 est
416 1659 543 1692 titulus
565 1659 624 1692 ΙΙΙ
643 1659 737 1693 4775.

242 1737 358 1784 3678
405 1740 555 1781 Genius
581 1738 587 1794 Ι
612 1740 749 1794 populi
776 1739 782 1796 Ι
809 1739 990 1780 Romani.

244 1805 387 1850 Romae,
416 1818 492 1851 rep.
516 1807 565 1840 ad
586 1817 728 1841 sacram
757 1808 853 1840 viam
882 1807 980 1839 inter
1010 1806 1141 1840 clivum
1167 1804 1416 1848 Capitolinum
1437 1807 1472 1836 et
1494 1804 1680 1836 basilicam
1703 1803 1846 1843 Iuliam,

129 1873 260 1896 saxum
284 1863 383 1907 quod
403 1864 549 1897 videtur
570 1862 685 1905 fuisse
711 1875 802 1908 pars
829 1865 1027 1907 pavimenti
1056 1862 1224 1895 basilicae
1254 1860 1381 1903 Iuliae,
1409 1862 1625 1903 inscriptum
1655 1861 1698 1893 ab
1730 1861 1844 1892 otioso

131 1920 296 1962 quodam,
320 1923 437 1954 aetate
453 1921 593 1955 labente
618 1923 698 1963 (vix
714 1926 797 1955 ante
811 1930 903 1954 saec.
917 1931 955 1963 p.
976 1919 1056 1954 Chr.
1073 1921 1276 1963 quinium),·
1299 1928 1396 1950 nunc
1419 1919 1459 1950 in
1483 1927 1604 1950 museo
1623 1917 1847 1949 thermarum

129 1976 445 2010 Diocletianarum
469 1977 542 2021 (VI
560 1979 631 2012 248
653 1978 744 2011 vidit
766 1977 910 2010 Henzen
934 1986 1014 2009 cum
1038 1977 1194 2018 amicis).
1234 1976 1302 2008 Per
1325 1974 1588 2017 longitudinem
1612 1973 1768 2006 eiusdem
1792 1971 1846 2006 la-

128 2033 227 2077 pidis
249 2033 376 2066 iisdem
397 2033 508 2077 plane
523 2033 655 2067 litteris
670 2036 766 2067 inter
781 2034 872 2066 duas
893 2032 1100 2076 phallorum
1115 2031 1257 2074 figuras
1270 2032 1446 2074 scriptum
1462 2034 1534 2064 est.-
1558 2028 1665 2064 Orfite
1685 2029 1692 2074 Ι
1713 2028 1846 2071 einede,

129 2090 188 2134 qui
211 2089 218 2135 Ι
238 2090 316 2132 [ins
340 2090 527 2134 promisisti
551 2088 720 2135 pediflcare
746 2093 782 2124 et
805 2099 873 2123 non
898 2089 962 2122 biti
986 2087 1068 2122 dere
1085 2091 1147 2129 (ε-
1162 2090 1215 2121 vis
1231 2091 1266 2120 te
1284 2087 1401 2132 dare).
1448 2088 1579 2121 Priora
1603 2088 1667 2130 qui
1688 2080 1845 2129 scripsit,

129 2148 170 2179 in
193 2150 310 2180 menie
339 2146 390 2192 (el
414 2150 499 2180 ante
524 2147 661 2192 oculos)
691 2148 857 2181 habuisse
884 2146 1030 2179 videtur
1061 2145 1210 2178 Genium
1236 2144 1368 2187 populi
1394 2142 1550 2178 Romani
1577 2145 1622 2177 ab
1646 2143 1846 2177 Aureliano

130 2205 170 2237 in
194 2202 335 2237 Rostris
358 2203 561 2237 dedicatum
586 2203 655 2245 (cll
672 2204 812 2238 Jordan
834 2201 919 2246 Top.
936 2202 964 2244 Ι,
980 2202 1004 2236 2
1027 2212 1063 2245 p.
1075 2202 1169 2243 377).
1221 2199 1363 2234 Titulm
1385 2203 1438 2234 est
1459 2201 1589 2234 similis
1611 2210 1734 2233 eorum
1758 2210 1846 2243 quos

131 2262 331 2304 composuit
358 2261 511 2294 Huelsen
537 2259 622 2295 CIL.
650 2260 700 2295 VI
721 2261 849 2294 29849·
860 2271 932 2302 seq.

243 2340 359 2389 3679
791 2341 836 2381 Ρ.
866 2339 1020 2382 Tullius
1050 2339 1168 2380 Felus

546 2408 592 2449 G.
622 2410 678 2462 μ’
792 2408 887 2449 feeit
914 2408 1123 2449 officinator
1246 2407 1293 2448 R.
1324 2407 1368 2447 f.¹

792 2475 922 2517 insule
951 2475 1145 2517 Vitaliane

849 2543 1000 2584 donum
1030 2543 1124 2584 fecit

892 2609 1081 2655 (serpens).

245 2679 377 2715 nomae
405 2682 446 2714 in
468 2680 658 2724 Esquilino
683 2679 760 2720 (via
784 2677 873 2711 delle
895 2677 992 2711 Seue
1015 2676 1128 2722 Sale),
1157 2679 1198 2711 in
1215 2678 1359 2721 pariete
1382 2675 1538 2720 quodam
1557 2677 1698 2720 pictum
1728 2674 1846 2721 (Galli

131 2735 277 2772 Nolizie
299 2737 387 2772 ⁴893
407 2747 443 2781 p.
466 2738 540 2777 80).
562 2754 608 2761 —-
634 2737 667 2778 1)
692 2734 802 2769 Genio
824 2733 953 2777 populi
976 2731 1128 2767 Romani
1149 2731 1309 2774 feliciter
1333 2731 1479 2777 (Gaui).

245 2816 362 2863 3680
399 2848 411 2859 .
427 2847 439 2859 .
455 2846 467 2858 .
485 2846 497 2858 .
513 2818 575 2859 ico
592 2847 603 2858 .
620 2846 631 2858 .
647 2850 658 2861 .
688 2814 695 2871 Ι
722 2816 810 2869 quis
838 2815 943 2855 hane
972 2810 1110 2870 ara[m]
1138 2812 1146 2869 Ι
1170 2814 1341 2865 laeserit,
1370 2814 1511 2854 habeat
1535 2813 1543 2868 Ι
1570 2813 1738 2854 Genium
1767 2813 1845 2852 ira-

134 2893 218 2928 tum
245 2884 252 2940 Ι
278 2885 415 2940 populi
443 2885 614 2926 Romani
639 2882 647 2939 Ι
673 2890 713 2925 et
743 2883 905 2924 numina
935 2878 1140 2938 divolrum.

246 2952 388 2995 nomae,
411 2962 509 2986 nunc
533 2951 661 2988 Urbini
685 2950 758 2995 (VI
775 2951 886 2985 29944
908 2949 1003 2983 vidit
1024 2947 1240 2993 Burmann).

248 3010 439 3044 hectorea
463 3009 718 3052 inscriptiones
735 3006 929 3041 Geniorum
949 3006 1085 3049 passim
1108 3006 1344 3048 reperiuntur
1361 3015 1431 3049 per
1445 3007 1562 3038 totum
1586 3004 1654 3038 hoc
1672 3013 1762 3047 opus
1779 3002 1844 3045 (cf.
