<?xml version="1.0" encoding="UTF-8"?>
<!DOCTYPE html PUBLIC "-//W3C//DTD XHTML 1.0 Transitional//EN"
    "http://www.w3.org/TR/xhtml1/DTD/xhtml1-transitional.dtd">
<html xmlns="http://www.w3.org/1999/xhtml" xml:lang="en" lang="en">
 <head>
  <title>
</title>
<meta http-equiv="Content-Type" content="text/html;charset=utf-8" />
  <meta name='ocr-system' content='tesseract 3.04.00' />
  <meta name='ocr-capabilities' content='ocr_page ocr_carea ocr_par ocr_line ocrx_word'/>
</head>
<body>
  <div class='ocr_page' id='page_1' title='image "./inscriptioneslat21dessuoft_0045.png"; bbox 0 0 2092 3360; ppageno 0'>
   <div class='ocr_carea' id='block_1_1' title="bbox 0 2849 65 3360">
    <p class='ocr_par' dir='ltr' id='par_1_1' title="bbox 0 2849 65 3360">
     <span class='ocr_line' id='line_1_1' title="bbox 0 2849 65 3360; baseline 0 0"><span class='ocrx_word' id='word_1_1' title='bbox 0 2849 65 3360; x_wconf 95' lang='lat' dir='ltr'><strong> </strong></span> 
     </span>
    </p>
   </div>
   <div class='ocr_carea' id='block_1_2' title="bbox 555 160 1813 204">
    <p class='ocr_par' dir='ltr' id='par_1_2' title="bbox 555 160 1813 204">
     <span class='ocr_line' id='line_1_2' title="bbox 555 160 1813 204; baseline 0.002 -8"><span class='ocrx_word' id='word_1_2' title='bbox 555 160 671 197; x_wconf 78' lang='lat' dir='ltr'><strong>Tituli</strong></span> <span class='ocrx_word' id='word_1_3' title='bbox 695 160 793 198; x_wconf 73' lang='lat' dir='ltr'><strong>sacri</strong></span> <span class='ocrx_word' id='word_1_4' title='bbox 817 163 856 198; x_wconf 85' lang='lat' dir='ltr'><strong>et</strong></span> <span class='ocrx_word' id='word_1_5' title='bbox 879 160 1122 197; x_wconf 69' lang='lat' dir='ltr'><strong>sacerdotum.</strong></span> <span class='ocrx_word' id='word_1_6' title='bbox 1147 181 1193 187; x_wconf 91' lang='grc'><strong>--</strong></span> <span class='ocrx_word' id='word_1_7' title='bbox 1217 161 1347 198; x_wconf 77' lang='lat' dir='ltr'><strong>Diana.</strong></span> <span class='ocrx_word' id='word_1_8' title='bbox 1760 165 1813 204; x_wconf 85' lang='lat'><strong>35</strong></span> 
     </span>
    </p>
   </div>
   <div class='ocr_carea' id='block_1_3' title="bbox 95 274 1812 456">
    <p class='ocr_par' dir='ltr' id='par_1_3' title="bbox 95 274 1812 456">
     <span class='ocr_line' id='line_1_3' title="bbox 208 274 1812 334; baseline 0.004 -18"><span class='ocrx_word' id='word_1_9' title='bbox 208 274 326 323; x_wconf 79' lang='grc'><strong>3254</strong></span> <span class='ocrx_word' id='word_1_10' title='bbox 375 277 418 317; x_wconf 92' lang='grc' dir='ltr'><strong>Ρ.</strong></span> <span class='ocrx_word' id='word_1_11' title='bbox 450 276 627 318; x_wconf 85' lang='lat' dir='ltr'><strong>Valerius</strong></span> <span class='ocrx_word' id='word_1_12' title='bbox 658 277 801 318; x_wconf 85' lang='lat' dir='ltr'>Bassus</span> <span class='ocrx_word' id='word_1_13' title='bbox 834 275 839 331; x_wconf 91' lang='grc' dir='ltr'>Ι</span> <span class='ocrx_word' id='word_1_14' title='bbox 876 279 1099 329; x_wconf 81' lang='lat' dir='ltr'>praefectus</span> <span class='ocrx_word' id='word_1_15' title='bbox 1130 277 1283 318; x_wconf 83' lang='lat' dir='ltr'>fabrum</span> <span class='ocrx_word' id='word_1_16' title='bbox 1313 277 1318 331; x_wconf 94' lang='grc' dir='ltr'>Ι</span> <span class='ocrx_word' id='word_1_17' title='bbox 1351 285 1391 319; x_wconf 86' lang='lat' dir='ltr'><strong>et</strong></span> <span class='ocrx_word' id='word_1_18' title='bbox 1419 278 1583 320; x_wconf 86' lang='lat' dir='ltr'><strong>Caecilia</strong></span> <span class='ocrx_word' id='word_1_19' title='bbox 1615 280 1774 334; x_wconf 83' lang='lat' dir='ltr'><strong>Progne</strong></span> <span class='ocrx_word' id='word_1_20' title='bbox 1806 277 1812 329; x_wconf 87' lang='grc' dir='ltr'>Ι</span> 
     </span>
     <span class='ocr_line' id='line_1_4' title="bbox 95 343 652 400; baseline 0.002 -14"><span class='ocrx_word' id='word_1_21' title='bbox 95 345 245 386; x_wconf 88' lang='lat' dir='ltr'><strong>Dianae</strong></span> <span class='ocrx_word' id='word_1_22' title='bbox 266 344 497 386; x_wconf 79' lang='lat' dir='ltr'><strong>valerianae</strong></span> <span class='ocrx_word' id='word_1_23' title='bbox 524 343 530 400; x_wconf 99' lang='grc' dir='ltr'>Ι</span> <span class='ocrx_word' id='word_1_24' title='bbox 556 345 593 385; x_wconf 92' lang='lat' dir='ltr'><strong>d.</strong></span> <span class='ocrx_word' id='word_1_25' title='bbox 615 344 652 387; x_wconf 90' lang='lat' dir='ltr'><strong>d.</strong></span> 
     </span>
     <span class='ocr_line' id='line_1_5' title="bbox 208 411 1198 456; baseline 0 -10"><span class='ocrx_word' id='word_1_26' title='bbox 208 412 342 446; x_wconf 78' lang='lat' dir='ltr'><strong>Romae</strong></span> <span class='ocrx_word' id='word_1_27' title='bbox 368 411 440 455; x_wconf 69' lang='lat'><strong>(127</strong></span> <span class='ocrx_word' id='word_1_28' title='bbox 460 412 528 447; x_wconf 72' lang='lat'><strong>435</strong></span> <span class='ocrx_word' id='word_1_29' title='bbox 553 412 745 455; x_wconf 75' lang='lat' dir='ltr'><strong><em>aliquoties</em></strong></span> <span class='ocrx_word' id='word_1_30' title='bbox 769 411 948 455; x_wconf 76' lang='lat' dir='ltr'><strong>descripta</strong></span> <span class='ocrx_word' id='word_1_31' title='bbox 971 422 1064 446; x_wconf 73' lang='lat' dir='ltr'><strong>saec.</strong></span> <span class='ocrx_word' id='word_1_32' title='bbox 1086 411 1198 456; x_wconf 83' lang='lat' dir='ltr'><em>XVI).</em></span> 
     </span>
    </p>
   </div>
   <div class='ocr_carea' id='block_1_4' title="bbox 96 479 1816 607">
    <p class='ocr_par' dir='ltr' id='par_1_4' title="bbox 96 479 1816 607">
     <span class='ocr_line' id='line_1_6' title="bbox 207 479 1815 539; baseline 0.003 -18"><span class='ocrx_word' id='word_1_33' title='bbox 207 479 322 526; x_wconf 79' lang='grc'><strong>3255</strong></span> <span class='ocrx_word' id='word_1_34' title='bbox 372 482 519 522; x_wconf 87' lang='lat' dir='ltr'><strong>Dianae</strong></span> <span class='ocrx_word' id='word_1_35' title='bbox 549 484 649 534; x_wconf 79' lang='lat' dir='ltr'><strong>Aug.</strong></span> <span class='ocrx_word' id='word_1_36' title='bbox 677 479 683 536; x_wconf 96' lang='grc' dir='ltr'>Ι</span> <span class='ocrx_word' id='word_1_37' title='bbox 710 481 849 534; x_wconf 83' lang='lat' dir='ltr'><strong>colleg.</strong></span> <span class='ocrx_word' id='word_1_38' title='bbox 881 482 1011 522; x_wconf 71' lang='lat' dir='ltr'><strong>lotor.¹</strong></span> <span class='ocrx_word' id='word_1_39' title='bbox 1040 482 1046 530; x_wconf 91' lang='grc' dir='ltr'>Ι</span> <span class='ocrx_word' id='word_1_40' title='bbox 1071 493 1171 523; x_wconf 85' lang='lat' dir='ltr'><strong>saer.</strong></span> <span class='ocrx_word' id='word_1_41' title='bbox 1199 482 1204 537; x_wconf 93' lang='grc' dir='ltr'>Ι</span> <span class='ocrx_word' id='word_1_42' title='bbox 1232 482 1498 534; x_wconf 84' lang='lat' dir='ltr'><strong>Primigenius</strong></span> <span class='ocrx_word' id='word_1_43' title='bbox 1527 496 1559 523; x_wconf 90' lang='lat' dir='ltr'><strong>r.</strong></span> <span class='ocrx_word' id='word_1_44' title='bbox 1590 497 1629 537; x_wconf 89' lang='lat' dir='ltr'><strong>p.</strong></span> <span class='ocrx_word' id='word_1_45' title='bbox 1657 483 1662 539; x_wconf 94' lang='grc' dir='ltr'>Ι</span> <span class='ocrx_word' id='word_1_46' title='bbox 1690 485 1815 526; x_wconf 83' lang='lat' dir='ltr'><strong>Arici-</strong></span> 
     </span>
     <span class='ocr_line' id='line_1_7' title="bbox 96 548 1816 607; baseline 0.003 -17"><span class='ocrx_word' id='word_1_47' title='bbox 96 563 239 590; x_wconf 89' lang='lat' dir='ltr'><strong>norum</strong></span> <span class='ocrx_word' id='word_1_48' title='bbox 272 563 347 591; x_wconf 89' lang='lat' dir='ltr'><strong>ser.</strong></span> <span class='ocrx_word' id='word_1_49' title='bbox 378 550 488 602; x_wconf 82' lang='lat' dir='ltr'><strong>arc.²‚</strong></span> <span class='ocrx_word' id='word_1_50' title='bbox 514 548 522 602; x_wconf 90' lang='grc' dir='ltr'>Ι</span> <span class='ocrx_word' id='word_1_51' title='bbox 557 554 718 589; x_wconf 83' lang='lat' dir='ltr'><strong>curator</strong></span> <span class='ocrx_word' id='word_1_52' title='bbox 748 548 801 597; x_wconf 87' lang='lat'><strong>11,</strong></span> <span class='ocrx_word' id='word_1_53' title='bbox 841 562 931 589; x_wconf 88' lang='lat' dir='ltr'><strong>cum</strong></span> <span class='ocrx_word' id='word_1_54' title='bbox 966 550 973 603; x_wconf 94' lang='grc' dir='ltr'>Ι</span> <span class='ocrx_word' id='word_1_55' title='bbox 1008 549 1060 590; x_wconf 84' lang='grc' dir='ltr'><strong>Μ.</strong></span> <span class='ocrx_word' id='word_1_56' title='bbox 1091 549 1307 591; x_wconf 79' lang='lat' dir='ltr'><strong>Arrecino³</strong></span> <span class='ocrx_word' id='word_1_57' title='bbox 1338 550 1514 591; x_wconf 85' lang='lat' dir='ltr'><strong>Gelliano</strong></span> <span class='ocrx_word' id='word_1_58' title='bbox 1546 552 1554 607; x_wconf 88' lang='grc' dir='ltr'>Ι</span> <span class='ocrx_word' id='word_1_59' title='bbox 1589 553 1668 593; x_wconf 80' lang='lat' dir='ltr'><strong>filio</strong></span> <span class='ocrx_word' id='word_1_60' title='bbox 1700 566 1816 594; x_wconf 87' lang='lat' dir='ltr'><strong>cura-</strong></span> 
     </span>
    </p>
   </div>
   <div class='ocr_carea' id='block_1_5' title="bbox 95 616 426 671">
    <p class='ocr_par' dir='ltr' id='par_1_5' title="bbox 95 616 426 671">
     <span class='ocr_line' id='line_1_8' title="bbox 95 616 426 671; baseline -0.003 -12"><span class='ocrx_word' id='word_1_61' title='bbox 95 624 182 659; x_wconf 91' lang='lat' dir='ltr'><strong>tore</strong></span> <span class='ocrx_word' id='word_1_62' title='bbox 213 619 241 667; x_wconf 86' lang='grc' dir='ltr'><strong>Ι,</strong></span> <span class='ocrx_word' id='word_1_63' title='bbox 270 616 276 671; x_wconf 92' lang='grc' dir='ltr'>Ι</span> <span class='ocrx_word' id='word_1_64' title='bbox 303 618 340 658; x_wconf 92' lang='lat' dir='ltr'><strong>d.</strong></span> <span class='ocrx_word' id='word_1_65' title='bbox 370 618 426 659; x_wconf 55' lang='lat' dir='ltr'><strong>df</strong></span> 
     </span>
    </p>
   </div>
   <div class='ocr_carea' id='block_1_6' title="bbox 97 684 1818 841">
    <p class='ocr_par' dir='ltr' id='par_1_6' title="bbox 97 684 1818 841">
     <span class='ocr_line' id='line_1_9' title="bbox 213 684 1818 730; baseline 0.001 -10"><span class='ocrx_word' id='word_1_66' title='bbox 213 686 362 720; x_wconf 72' lang='lat' dir='ltr'><strong>Ariciae</strong></span> <span class='ocrx_word' id='word_1_67' title='bbox 386 684 493 726; x_wconf 84' lang='lat' dir='ltr'><em>(XIV</em></span> <span class='ocrx_word' id='word_1_68' title='bbox 503 685 593 719; x_wconf 71' lang='lat'><strong><em>2156</em></strong></span> <span class='ocrx_word' id='word_1_69' title='bbox 616 695 720 728; x_wconf 81' lang='lat' dir='ltr'><strong>saepe</strong></span> <span class='ocrx_word' id='word_1_70' title='bbox 737 684 943 727; x_wconf 74' lang='lat' dir='ltr'><strong>descripta).</strong></span> <span class='ocrx_word' id='word_1_71' title='bbox 959 703 1004 709; x_wconf 93' lang='lat'>—</span> <span class='ocrx_word' id='word_1_72' title='bbox 1031 686 1064 726; x_wconf 90' lang='lat'><strong>1)</strong></span> <span class='ocrx_word' id='word_1_73' title='bbox 1091 684 1242 727; x_wconf 71' lang='lat' dir='ltr'><strong>Collegit·</strong></span> <span class='ocrx_word' id='word_1_74' title='bbox 1266 685 1431 719; x_wconf 80' lang='lat' dir='ltr'><strong>lotor-um.</strong></span> <span class='ocrx_word' id='word_1_75' title='bbox 1448 704 1492 710; x_wconf 94' lang='lat'><strong>—</strong></span> <span class='ocrx_word' id='word_1_76' title='bbox 1519 687 1553 728; x_wconf 84' lang='lat'><strong>2)</strong></span> <span class='ocrx_word' id='word_1_77' title='bbox 1573 685 1639 720; x_wconf 73' lang='lat'><em>1102·</em></span> <span class='ocrx_word' id='word_1_78' title='bbox 1649 687 1818 730; x_wconf 81' lang='lat' dir='ltr'><strong>publicae</strong></span> 
     </span>
     <span class='ocr_line' id='line_1_10' title="bbox 97 740 1817 785; baseline 0.001 -9"><span class='ocrx_word' id='word_1_79' title='bbox 97 743 335 776; x_wconf 79' lang='lat' dir='ltr'><strong>Aricinorum</strong></span> <span class='ocrx_word' id='word_1_80' title='bbox 357 752 480 775; x_wconf 73' lang='lat' dir='ltr'><strong>servus</strong></span> <span class='ocrx_word' id='word_1_81' title='bbox 498 743 676 775; x_wconf 75' lang='lat' dir='ltr'><strong>arcarius.</strong></span> <span class='ocrx_word' id='word_1_82' title='bbox 692 759 739 766; x_wconf 93' lang='grc'><strong>--</strong></span> <span class='ocrx_word' id='word_1_83' title='bbox 762 742 798 783; x_wconf 84' lang='grc'><strong>3)</strong></span> <span class='ocrx_word' id='word_1_84' title='bbox 821 741 988 775; x_wconf 77' lang='lat' dir='ltr'><strong>Libertus</strong></span> <span class='ocrx_word' id='word_1_85' title='bbox 1011 740 1124 781; x_wconf 76' lang='lat' dir='ltr'><strong>fuisse</strong></span> <span class='ocrx_word' id='word_1_86' title='bbox 1146 741 1290 775; x_wconf 80' lang='lat' dir='ltr'><strong>videtur</strong></span> <span class='ocrx_word' id='word_1_87' title='bbox 1312 744 1368 775; x_wconf 81' lang='lat' dir='ltr'><strong>rei</strong></span> <span class='ocrx_word' id='word_1_88' title='bbox 1388 742 1554 785; x_wconf 80' lang='lat' dir='ltr'><strong>publicae</strong></span> <span class='ocrx_word' id='word_1_89' title='bbox 1570 743 1817 778; x_wconf 81' lang='lat' dir='ltr'><strong>Aricinorum.</strong></span> 
     </span>
     <span class='ocr_line' id='line_1_11' title="bbox 97 798 836 841; baseline -0.005 -7"><span class='ocrx_word' id='word_1_90' title='bbox 97 819 142 826; x_wconf 92' lang='lat'><strong>--</strong></span> <span class='ocrx_word' id='word_1_91' title='bbox 166 800 200 839; x_wconf 82' lang='lat'><strong>4)</strong></span> <span class='ocrx_word' id='word_1_92' title='bbox 231 799 406 833; x_wconf 68' lang='lat' dir='ltr'><strong>Gur-azoro</strong></span> <span class='ocrx_word' id='word_1_93' title='bbox 427 800 586 841; x_wconf 76' lang='lat' dir='ltr'><strong>primum</strong></span> <span class='ocrx_word' id='word_1_94' title='bbox 611 798 704 832; x_wconf 85' lang='lat' dir='ltr'><strong>dono</strong></span> <span class='ocrx_word' id='word_1_95' title='bbox 729 798 836 831; x_wconf 75' lang='lat' dir='ltr'><strong>dedit.</strong></span> 
     </span>
    </p>
   </div>
   <div class='ocr_carea' id='block_1_7' title="bbox 99 866 1823 1226">
    <p class='ocr_par' dir='ltr' id='par_1_7' title="bbox 211 866 1820 922">
     <span class='ocr_line' id='line_1_12' title="bbox 211 866 1820 922; baseline 0 -14"><span class='ocrx_word' id='word_1_96' title='bbox 211 866 328 914; x_wconf 81' lang='grc'><strong>3256</strong></span> <span class='ocrx_word' id='word_1_97' title='bbox 378 867 562 908; x_wconf 86' lang='lat' dir='ltr'><strong>Graeceia</strong></span> <span class='ocrx_word' id='word_1_98' title='bbox 595 867 637 907; x_wconf 88' lang='lat' dir='ltr'><strong>P.</strong></span> <span class='ocrx_word' id='word_1_99' title='bbox 669 868 694 906; x_wconf 84' lang='lat' dir='ltr'><strong>f.</strong></span> <span class='ocrx_word' id='word_1_100' title='bbox 726 867 825 909; x_wconf 76' lang='lat' dir='ltr'><strong>Rufa</strong></span> <span class='ocrx_word' id='word_1_101' title='bbox 857 867 1050 919; x_wconf 89' lang='lat' dir='ltr'><strong>Pompon.</strong></span> <span class='ocrx_word' id='word_1_102' title='bbox 1081 867 1229 907; x_wconf 86' lang='lat' dir='ltr'><strong>Dianae</strong></span> <span class='ocrx_word' id='word_1_103' title='bbox 1260 867 1394 907; x_wconf 78' lang='lat' dir='ltr'><strong>Loeh.¹</strong></span> <span class='ocrx_word' id='word_1_104' title='bbox 1435 880 1466 908; x_wconf 93' lang='lat' dir='ltr'><strong>s.</strong></span> <span class='ocrx_word' id='word_1_105' title='bbox 1497 880 1537 920; x_wconf 89' lang='lat' dir='ltr'><strong>p.</strong></span> <span class='ocrx_word' id='word_1_106' title='bbox 1569 881 1600 908; x_wconf 89' lang='lat' dir='ltr'><strong>s.</strong></span> <span class='ocrx_word' id='word_1_107' title='bbox 1633 881 1667 909; x_wconf 85' lang='lat' dir='ltr'><strong>o.</strong></span> <span class='ocrx_word' id='word_1_108' title='bbox 1699 882 1739 922; x_wconf 91' lang='lat' dir='ltr'><strong>p.</strong></span> <span class='ocrx_word' id='word_1_109' title='bbox 1770 869 1820 910; x_wconf 80' lang='lat' dir='ltr'><strong>s.²</strong></span> 
     </span>
    </p>

    <p class='ocr_par' dir='ltr' id='par_1_8' title="bbox 99 933 1823 1148">
     <span class='ocr_line' id='line_1_13' title="bbox 214 933 1819 978; baseline -0.001 -9"><span class='ocrx_word' id='word_1_110' title='bbox 214 934 386 978; x_wconf 76' lang='lat' dir='ltr'><strong>Neapoli,</strong></span> <span class='ocrx_word' id='word_1_111' title='bbox 410 936 483 967; x_wconf 84' lang='lat' dir='ltr'><strong>iam</strong></span> <span class='ocrx_word' id='word_1_112' title='bbox 507 936 546 966; x_wconf 81' lang='lat' dir='ltr'><strong>in</strong></span> <span class='ocrx_word' id='word_1_113' title='bbox 570 934 722 977; x_wconf 73' lang='lat' dir='ltr'><strong><em>AngHa,</em></strong></span> <span class='ocrx_word' id='word_1_114' title='bbox 747 933 877 977; x_wconf 81' lang='lat' dir='ltr'><strong>puteal</strong></span> <span class='ocrx_word' id='word_1_115' title='bbox 898 943 1156 974; x_wconf 80' lang='lat' dir='ltr'><strong>marmoreum,</strong></span> <span class='ocrx_word' id='word_1_116' title='bbox 1186 935 1226 966; x_wconf 81' lang='lat' dir='ltr'><strong>in</strong></span> <span class='ocrx_word' id='word_1_117' title='bbox 1251 944 1320 977; x_wconf 86' lang='lat' dir='ltr'><strong>quo</strong></span> <span class='ocrx_word' id='word_1_118' title='bbox 1344 933 1476 977; x_wconf 72' lang='lat' dir='ltr'><strong>sculpti</strong></span> <span class='ocrx_word' id='word_1_119' title='bbox 1500 934 1606 967; x_wconf 77' lang='lat' dir='ltr'><strong>Paris</strong></span> <span class='ocrx_word' id='word_1_120' title='bbox 1629 938 1663 968; x_wconf 82' lang='lat' dir='ltr'><strong>et</strong></span> <span class='ocrx_word' id='word_1_121' title='bbox 1686 935 1819 968; x_wconf 85' lang='lat' dir='ltr'><strong>Helena</strong></span> 
     </span>
     <span class='ocr_line' id='line_1_14' title="bbox 99 989 1823 1033; baseline -0.001 -7"><span class='ocrx_word' id='word_1_122' title='bbox 99 1002 180 1026; x_wconf 83' lang='lat' dir='ltr'><strong>cum</strong></span> <span class='ocrx_word' id='word_1_123' title='bbox 205 992 343 1026; x_wconf 76' lang='lat' dir='ltr'><strong>Vener-e</strong></span> <span class='ocrx_word' id='word_1_124' title='bbox 378 994 414 1025; x_wconf 76' lang='lat' dir='ltr'><strong>et</strong></span> <span class='ocrx_word' id='word_1_125' title='bbox 434 991 547 1026; x_wconf 73' lang='lat' dir='ltr'><strong>Musis</strong></span> <span class='ocrx_word' id='word_1_126' title='bbox 572 991 687 1024; x_wconf 76' lang='lat' dir='ltr'><strong>tribus</strong></span> <span class='ocrx_word' id='word_1_127' title='bbox 717 989 768 1033; x_wconf 89' lang='grc' dir='ltr'><strong>(Χ</strong></span> <span class='ocrx_word' id='word_1_128' title='bbox 786 990 876 1023; x_wconf 75' lang='grc'><strong>4535</strong></span> <span class='ocrx_word' id='word_1_129' title='bbox 900 1000 939 1033; x_wconf 84' lang='lat' dir='ltr'><strong>p.</strong></span> <span class='ocrx_word' id='word_1_130' title='bbox 961 989 1046 1031; x_wconf 75' lang='grc'><strong><em>974,·</em></strong></span> <span class='ocrx_word' id='word_1_131' title='bbox 1076 989 1262 1023; x_wconf 75' lang='lat' dir='ltr'><strong>Michaelis</strong></span> <span class='ocrx_word' id='word_1_132' title='bbox 1283 990 1439 1023; x_wconf 76' lang='lat' dir='ltr'><strong>Ancient</strong></span> <span class='ocrx_word' id='word_1_133' title='bbox 1460 989 1617 1025; x_wconf 70' lang='lat' dir='ltr'><strong>Mar-bles</strong></span> <span class='ocrx_word' id='word_1_134' title='bbox 1645 993 1685 1025; x_wconf 85' lang='lat' dir='ltr'><strong>in</strong></span> <span class='ocrx_word' id='word_1_135' title='bbox 1712 991 1823 1026; x_wconf 80' lang='lat' dir='ltr'><strong>Great</strong></span> 
     </span>
     <span class='ocr_line' id='line_1_15' title="bbox 100 1046 1818 1092; baseline -0.001 -9"><span class='ocrx_word' id='word_1_136' title='bbox 100 1049 247 1083; x_wconf 73' lang='lat' dir='ltr'><strong>Britain</strong></span> <span class='ocrx_word' id='word_1_137' title='bbox 269 1059 306 1092; x_wconf 83' lang='lat' dir='ltr'><strong>p.</strong></span> <span class='ocrx_word' id='word_1_138' title='bbox 321 1049 387 1082; x_wconf 72' lang='lat'><strong>547</strong></span> <span class='ocrx_word' id='word_1_139' title='bbox 409 1060 442 1083; x_wconf 86' lang='lat' dir='ltr'><strong>n.</strong></span> <span class='ocrx_word' id='word_1_140' title='bbox 458 1050 534 1091; x_wconf 78' lang='lat'><strong>56).</strong></span> <span class='ocrx_word' id='word_1_141' title='bbox 557 1066 603 1073; x_wconf 92' lang='lat'>—</span> <span class='ocrx_word' id='word_1_142' title='bbox 629 1047 662 1089; x_wconf 91' lang='lat'><strong>1)</strong></span> <span class='ocrx_word' id='word_1_143' title='bbox 686 1046 740 1079; x_wconf 83' lang='lat' dir='ltr'><strong>De</strong></span> <span class='ocrx_word' id='word_1_144' title='bbox 762 1046 884 1080; x_wconf 72' lang='lat' dir='ltr'><strong><em>Diana</em></strong></span> <span class='ocrx_word' id='word_1_145' title='bbox 914 1046 1046 1080; x_wconf 77' lang='lat' dir='ltr'><strong>Lockia</strong></span> <span class='ocrx_word' id='word_1_146' title='bbox 1069 1049 1134 1080; x_wconf 75' lang='lat' dir='ltr'><strong>vix</strong></span> <span class='ocrx_word' id='word_1_147' title='bbox 1158 1048 1316 1090; x_wconf 76' lang='lat' dir='ltr'><strong>cog-itan·</strong></span> <span class='ocrx_word' id='word_1_148' title='bbox 1338 1049 1454 1090; x_wconf 74' lang='lat' dir='ltr'><strong>potest</strong></span> <span class='ocrx_word' id='word_1_149' title='bbox 1478 1046 1597 1092; x_wconf 72' lang='lat' dir='ltr'><strong>(Mo).</strong></span> <span class='ocrx_word' id='word_1_150' title='bbox 1612 1067 1659 1075; x_wconf 96' lang='lat'><strong>—-</strong></span> <span class='ocrx_word' id='word_1_151' title='bbox 1682 1050 1717 1091; x_wconf 85' lang='lat'><strong>2)</strong></span> <span class='ocrx_word' id='word_1_152' title='bbox 1742 1048 1818 1082; x_wconf 78' lang='lat' dir='ltr'><strong><em>Lil-</em></strong></span> 
     </span>
     <span class='ocr_line' id='line_1_16' title="bbox 102 1105 670 1148; baseline -0.002 -9"><span class='ocrx_word' id='word_1_153' title='bbox 102 1110 199 1139; x_wconf 75' lang='lat' dir='ltr'><strong>letae</strong></span> <span class='ocrx_word' id='word_1_154' title='bbox 222 1108 383 1139; x_wconf 74' lang='lat' dir='ltr'><strong><em>incertae</em></strong></span> <span class='ocrx_word' id='word_1_155' title='bbox 405 1105 670 1148; x_wconf 71' lang='lat' dir='ltr'><strong>explicationis.</strong></span> 
     </span>
    </p>

    <p class='ocr_par' dir='ltr' id='par_1_9' title="bbox 215 1171 1821 1226">
     <span class='ocr_line' id='line_1_17' title="bbox 215 1171 1821 1226; baseline -0.004 -5"><span class='ocrx_word' id='word_1_156' title='bbox 215 1173 331 1220; x_wconf 75' lang='grc'><strong>3257</strong></span> <span class='ocrx_word' id='word_1_157' title='bbox 370 1174 516 1215; x_wconf 89' lang='lat' dir='ltr'><strong>Dianae</strong></span> <span class='ocrx_word' id='word_1_158' title='bbox 538 1174 633 1214; x_wconf 89' lang='lat' dir='ltr'><strong>deae</strong></span> <span class='ocrx_word' id='word_1_159' title='bbox 661 1171 666 1225; x_wconf 92' lang='grc' dir='ltr'>Ι</span> <span class='ocrx_word' id='word_1_160' title='bbox 694 1184 902 1212; x_wconf 88' lang='lat' dir='ltr'><strong>nemorum</strong></span> <span class='ocrx_word' id='word_1_161' title='bbox 935 1173 1080 1220; x_wconf 83' lang='lat' dir='ltr'><strong>comiti,</strong></span> <span class='ocrx_word' id='word_1_162' title='bbox 1108 1176 1115 1225; x_wconf 93' lang='grc' dir='ltr'>Ι</span> <span class='ocrx_word' id='word_1_163' title='bbox 1140 1173 1291 1213; x_wconf 76' lang='lat' dir='ltr'><strong>victrici</strong></span> <span class='ocrx_word' id='word_1_164' title='bbox 1322 1174 1508 1222; x_wconf 88' lang='lat' dir='ltr'><strong>ferarum,</strong></span> <span class='ocrx_word' id='word_1_165' title='bbox 1537 1171 1542 1226; x_wconf 90' lang='grc' dir='ltr'>Ι</span> <span class='ocrx_word' id='word_1_166' title='bbox 1569 1186 1702 1214; x_wconf 91' lang='lat' dir='ltr'><strong>annua</strong></span> <span class='ocrx_word' id='word_1_167' title='bbox 1732 1179 1821 1215; x_wconf 89' lang='lat' dir='ltr'><strong>vota</strong></span> 
     </span>
    </p>
   </div>
   <div class='ocr_carea' id='block_1_8' title="bbox 102 1238 1822 1352">
    <p class='ocr_par' dir='ltr' id='par_1_10' title="bbox 102 1238 1822 1352">
     <span class='ocr_line' id='line_1_18' title="bbox 102 1238 1511 1297; baseline -0.003 -13"><span class='ocrx_word' id='word_1_168' title='bbox 102 1244 213 1285; x_wconf 89' lang='lat' dir='ltr'><strong>dedi¹</strong></span> <span class='ocrx_word' id='word_1_169' title='bbox 242 1242 248 1297; x_wconf 95' lang='grc' dir='ltr'>Ι</span> <span class='ocrx_word' id='word_1_170' title='bbox 274 1242 452 1283; x_wconf 87' lang='lat' dir='ltr'><strong>Fannius</strong></span> <span class='ocrx_word' id='word_1_171' title='bbox 479 1238 921 1297; x_wconf 69' lang='lat' dir='ltr'><strong>lulilanus·praesectus</strong></span> <span class='ocrx_word' id='word_1_172' title='bbox 948 1240 954 1295; x_wconf 95' lang='grc' dir='ltr'>Ι</span> <span class='ocrx_word' id='word_1_173' title='bbox 982 1241 1157 1281; x_wconf 83' lang='lat' dir='ltr'><strong>cohortis</strong></span> <span class='ocrx_word' id='word_1_174' title='bbox 1187 1240 1221 1280; x_wconf 80' lang='grc' dir='ltr'><strong>ΙΙ</strong></span> <span class='ocrx_word' id='word_1_175' title='bbox 1247 1239 1253 1295; x_wconf 90' lang='grc' dir='ltr'>Ι</span> <span class='ocrx_word' id='word_1_176' title='bbox 1281 1241 1511 1282; x_wconf 80' lang='lat' dir='ltr'><strong>Sardorum.</strong></span> 
     </span>
     <span class='ocr_line' id='line_1_19' title="bbox 216 1306 1822 1352; baseline -0.001 -9"><span class='ocrx_word' id='word_1_177' title='bbox 216 1309 367 1344; x_wconf 78' lang='lat' dir='ltr'><strong>Altavae</strong></span> <span class='ocrx_word' id='word_1_178' title='bbox 398 1306 676 1352; x_wconf 63' lang='lat' dir='ltr'><strong>(Lamorieiere)</strong></span> <span class='ocrx_word' id='word_1_179' title='bbox 707 1310 746 1340; x_wconf 84' lang='lat' dir='ltr'><strong>in</strong></span> <span class='ocrx_word' id='word_1_180' title='bbox 777 1307 1006 1341; x_wconf 81' lang='lat' dir='ltr'><strong><em>Mauretania</em></strong></span> <span class='ocrx_word' id='word_1_181' title='bbox 1038 1318 1112 1350; x_wconf 83' lang='lat' dir='ltr'><strong>rep.</strong></span> <span class='ocrx_word' id='word_1_182' title='bbox 1146 1307 1263 1351; x_wconf 86' lang='lat' dir='ltr'><em>(VIII</em></span> <span class='ocrx_word' id='word_1_183' title='bbox 1280 1308 1368 1342; x_wconf 73' lang='lat'><strong>9834</strong></span> <span class='ocrx_word' id='word_1_184' title='bbox 1400 1308 1509 1341; x_wconf 77' lang='lat' dir='ltr'><strong>semel</strong></span> <span class='ocrx_word' id='word_1_185' title='bbox 1539 1308 1746 1352; x_wconf 76' lang='lat' dir='ltr'><strong>descripta).</strong></span> <span class='ocrx_word' id='word_1_186' title='bbox 1778 1327 1822 1333; x_wconf 91' lang='lat'>—</span> 
     </span>
    </p>
   </div>
   <div class='ocr_carea' id='block_1_9' title="bbox 103 1365 1826 2395">
    <p class='ocr_par' dir='ltr' id='par_1_11' title="bbox 105 1365 639 1410">
     <span class='ocr_line' id='line_1_20' title="bbox 105 1365 639 1410; baseline -0.007 -8"><span class='ocrx_word' id='word_1_187' title='bbox 105 1369 138 1410; x_wconf 88' lang='lat'><strong>1)</strong></span> <span class='ocrx_word' id='word_1_188' title='bbox 160 1366 256 1401; x_wconf 77' lang='lat' dir='ltr'><strong>Nota</strong></span> <span class='ocrx_word' id='word_1_189' title='bbox 282 1366 386 1399; x_wconf 82' lang='lat' dir='ltr'><strong>colon</strong></span> <span class='ocrx_word' id='word_1_190' title='bbox 409 1365 639 1410; x_wconf 75' lang='lat' dir='ltr'><strong>dactylicum.</strong></span> 
     </span>
    </p>

    <p class='ocr_par' dir='ltr' id='par_1_12' title="bbox 103 1432 1824 1614">
     <span class='ocr_line' id='line_1_21' title="bbox 215 1432 1823 1492; baseline -0.001 -17"><span class='ocrx_word' id='word_1_191' title='bbox 215 1433 332 1480; x_wconf 81' lang='grc'><strong>3258</strong></span> <span class='ocrx_word' id='word_1_192' title='bbox 361 1432 619 1492; x_wconf 81' lang='lat' dir='ltr'><strong>[um]brarum</strong></span> <span class='ocrx_word' id='word_1_193' title='bbox 640 1446 686 1474; x_wconf 85' lang='lat' dir='ltr'><strong>ac</strong></span> <span class='ocrx_word' id='word_1_194' title='bbox 708 1432 929 1490; x_wconf 77' lang='lat' dir='ltr'><strong>nemolrum</strong></span> <span class='ocrx_word' id='word_1_195' title='bbox 951 1432 1133 1481; x_wconf 86' lang='lat' dir='ltr'><strong>incolam,</strong></span> <span class='ocrx_word' id='word_1_196' title='bbox 1162 1432 1167 1488; x_wconf 95' lang='grc' dir='ltr'>Ι</span> <span class='ocrx_word' id='word_1_197' title='bbox 1195 1435 1368 1474; x_wconf 85' lang='lat' dir='ltr'><strong>ferarum</strong></span> <span class='ocrx_word' id='word_1_198' title='bbox 1391 1434 1671 1482; x_wconf 83' lang='lat' dir='ltr'><strong>domitricem¹‚</strong></span> <span class='ocrx_word' id='word_1_199' title='bbox 1699 1433 1704 1488; x_wconf 93' lang='grc' dir='ltr'>Ι</span> <span class='ocrx_word' id='word_1_200' title='bbox 1733 1434 1823 1474; x_wconf 89' lang='lat' dir='ltr'><strong>Dia·</strong></span> 
     </span>
     <span class='ocr_line' id='line_1_22' title="bbox 106 1498 1824 1559; baseline -0.002 -14"><span class='ocrx_word' id='word_1_201' title='bbox 106 1517 198 1546; x_wconf 89' lang='lat' dir='ltr'><strong>nam</strong></span> <span class='ocrx_word' id='word_1_202' title='bbox 229 1504 341 1544; x_wconf 81' lang='lat' dir='ltr'><strong>deam</strong></span> <span class='ocrx_word' id='word_1_203' title='bbox 371 1503 576 1556; x_wconf 84' lang='lat' dir='ltr'><strong>virginem,</strong></span> <span class='ocrx_word' id='word_1_204' title='bbox 605 1500 610 1555; x_wconf 93' lang='grc' dir='ltr'>Ι</span> <span class='ocrx_word' id='word_1_205' title='bbox 637 1502 857 1543; x_wconf 84' lang='lat' dir='ltr'><strong>Auxentius</strong></span> <span class='ocrx_word' id='word_1_206' title='bbox 880 1515 914 1542; x_wconf 79' lang='grc' dir='ltr'><strong>ν.</strong></span> <span class='ocrx_word' id='word_1_207' title='bbox 932 1515 982 1550; x_wconf 88' lang='lat' dir='ltr'><strong>c.‚</strong></span> <span class='ocrx_word' id='word_1_208' title='bbox 1009 1502 1157 1554; x_wconf 86' lang='lat' dir='ltr'><strong>ubique</strong></span> <span class='ocrx_word' id='word_1_209' title='bbox 1184 1500 1190 1555; x_wconf 95' lang='grc' dir='ltr'>Ι</span> <span class='ocrx_word' id='word_1_210' title='bbox 1216 1498 1347 1559; x_wconf 82' lang='lat' dir='ltr'><strong>piu[s]‚</strong></span> <span class='ocrx_word' id='word_1_211' title='bbox 1374 1514 1447 1543; x_wconf 89' lang='lat' dir='ltr'><strong>suo</strong></span> <span class='ocrx_word' id='word_1_212' title='bbox 1470 1502 1627 1542; x_wconf 92' lang='lat' dir='ltr'><strong>numini</strong></span> <span class='ocrx_word' id='word_1_213' title='bbox 1648 1499 1824 1556; x_wconf 71' lang='lat' dir='ltr'><strong>sedilque</strong></span> 
     </span>
     <span class='ocr_line' id='line_1_23' title="bbox 103 1573 289 1614; baseline -0.016 0"><span class='ocrx_word' id='word_1_214' title='bbox 103 1573 289 1614; x_wconf 79' lang='lat' dir='ltr'><strong>restituit.</strong></span> 
     </span>
    </p>

    <p class='ocr_par' dir='ltr' id='par_1_13' title="bbox 110 1633 1826 1740">
     <span class='ocr_line' id='line_1_24' title="bbox 221 1633 1826 1681; baseline -0.004 -9"><span class='ocrx_word' id='word_1_215' title='bbox 221 1638 356 1673; x_wconf 72' lang='lat' dir='ltr'><strong>Romae</strong></span> <span class='ocrx_word' id='word_1_216' title='bbox 380 1637 450 1681; x_wconf 88' lang='lat' dir='ltr'><strong>(VI</strong></span> <span class='ocrx_word' id='word_1_217' title='bbox 472 1637 537 1671; x_wconf 73' lang='lat'><strong>424</strong></span> <span class='ocrx_word' id='word_1_218' title='bbox 568 1637 615 1678; x_wconf 65' lang='lat' dir='ltr'><strong>cll</strong></span> <span class='ocrx_word' id='word_1_219' title='bbox 640 1638 750 1672; x_wconf 79' lang='lat'><em>30700</em></span> <span class='ocrx_word' id='word_1_220' title='bbox 773 1637 942 1670; x_wconf 78' lang='lat' dir='ltr'><strong>viderunt</strong></span> <span class='ocrx_word' id='word_1_221' title='bbox 965 1637 1106 1669; x_wconf 77' lang='lat' dir='ltr'><strong>Henzen</strong></span> <span class='ocrx_word' id='word_1_222' title='bbox 1131 1640 1167 1670; x_wconf 83' lang='lat' dir='ltr'><strong>et</strong></span> <span class='ocrx_word' id='word_1_223' title='bbox 1190 1637 1371 1679; x_wconf 79' lang='lat' dir='ltr'><strong>Huelsen).</strong></span> <span class='ocrx_word' id='word_1_224' title='bbox 1395 1656 1439 1661; x_wconf 90' lang='lat'><strong>—-</strong></span> <span class='ocrx_word' id='word_1_225' title='bbox 1466 1638 1498 1678; x_wconf 94' lang='lat'><strong>1)</strong></span> <span class='ocrx_word' id='word_1_226' title='bbox 1524 1637 1678 1670; x_wconf 85' lang='lat' dir='ltr'><strong><em>Carmen</em></strong></span> <span class='ocrx_word' id='word_1_227' title='bbox 1701 1633 1826 1674; x_wconf 77' lang='lat' dir='ltr'><strong>facere</strong></span> 
     </span>
     <span class='ocr_line' id='line_1_25' title="bbox 110 1694 1071 1740; baseline -0.005 -10"><span class='ocrx_word' id='word_1_228' title='bbox 110 1697 298 1740; x_wconf 78' lang='lat' dir='ltr'><strong>temptavit</strong></span> <span class='ocrx_word' id='word_1_229' title='bbox 321 1694 386 1735; x_wconf 66' lang='lat' dir='ltr'><strong>(cll</strong></span> <span class='ocrx_word' id='word_1_230' title='bbox 410 1695 605 1729; x_wconf 68' lang='lat' dir='ltr'><strong>Buecheler</strong></span> <span class='ocrx_word' id='word_1_231' title='bbox 628 1705 737 1728; x_wconf 82' lang='lat' dir='ltr'><strong>earm.</strong></span> <span class='ocrx_word' id='word_1_232' title='bbox 762 1697 876 1738; x_wconf 78' lang='lat' dir='ltr'><strong>epigr.</strong></span> <span class='ocrx_word' id='word_1_233' title='bbox 902 1705 936 1728; x_wconf 82' lang='lat' dir='ltr'><strong>n.</strong></span> <span class='ocrx_word' id='word_1_234' title='bbox 953 1694 1071 1735; x_wconf 76' lang='lat'><strong>4520).</strong></span> 
     </span>
    </p>

    <p class='ocr_par' dir='ltr' id='par_1_14' title="bbox 108 1758 1822 1887">
     <span class='ocr_line' id='line_1_26' title="bbox 220 1758 1822 1818; baseline -0.006 -9"><span class='ocrx_word' id='word_1_235' title='bbox 220 1763 338 1810; x_wconf 75' lang='lat'><strong>3259</strong></span> <span class='ocrx_word' id='word_1_236' title='bbox 386 1765 532 1806; x_wconf 88' lang='lat' dir='ltr'><strong>Dianae</strong></span> <span class='ocrx_word' id='word_1_237' title='bbox 562 1763 567 1818; x_wconf 97' lang='grc' dir='ltr'>Ι</span> <span class='ocrx_word' id='word_1_238' title='bbox 593 1777 748 1805; x_wconf 81' lang='lat' dir='ltr'><strong>sacrum</strong></span> <span class='ocrx_word' id='word_1_239' title='bbox 777 1762 782 1816; x_wconf 93' lang='grc' dir='ltr'>Ι</span> <span class='ocrx_word' id='word_1_240' title='bbox 809 1764 856 1811; x_wconf 88' lang='lat' dir='ltr'><strong>Q.</strong></span> <span class='ocrx_word' id='word_1_241' title='bbox 889 1763 1042 1803; x_wconf 87' lang='lat' dir='ltr'><strong>Tullius</strong></span> <span class='ocrx_word' id='word_1_242' title='bbox 1068 1761 1075 1817; x_wconf 96' lang='grc' dir='ltr'>Ι</span> <span class='ocrx_word' id='word_1_243' title='bbox 1101 1764 1314 1804; x_wconf 85' lang='lat' dir='ltr'><strong>Maximus¹</strong></span> <span class='ocrx_word' id='word_1_244' title='bbox 1344 1763 1349 1818; x_wconf 94' lang='grc' dir='ltr'>Ι</span> <span class='ocrx_word' id='word_1_245' title='bbox 1385 1763 1459 1815; x_wconf 84' lang='lat' dir='ltr'><strong>leg.</strong></span> <span class='ocrx_word' id='word_1_246' title='bbox 1489 1763 1589 1815; x_wconf 82' lang='lat' dir='ltr'><strong>Aug.</strong></span> <span class='ocrx_word' id='word_1_247' title='bbox 1618 1759 1624 1814; x_wconf 92' lang='grc' dir='ltr'>Ι</span> <span class='ocrx_word' id='word_1_248' title='bbox 1650 1760 1724 1812; x_wconf 87' lang='lat' dir='ltr'><strong>leg.</strong></span> <span class='ocrx_word' id='word_1_249' title='bbox 1757 1758 1822 1798; x_wconf 93' lang='lat' dir='ltr'><strong>Vll</strong></span> 
     </span>
     <span class='ocr_line' id='line_1_27' title="bbox 108 1833 435 1887; baseline -0.006 -12"><span class='ocrx_word' id='word_1_250' title='bbox 108 1834 220 1875; x_wconf 89' lang='lat' dir='ltr'><strong>Gem.</strong></span> <span class='ocrx_word' id='word_1_251' title='bbox 247 1834 254 1887; x_wconf 91' lang='grc' dir='ltr'>Ι</span> <span class='ocrx_word' id='word_1_252' title='bbox 281 1833 435 1874; x_wconf 84' lang='lat' dir='ltr'><strong>Felicis.</strong></span> 
     </span>
    </p>

    <p class='ocr_par' dir='ltr' id='par_1_15' title="bbox 786 1888 1145 1930">
     <span class='ocr_line' id='line_1_28' title="bbox 786 1888 1145 1930; baseline 0 -11"><span class='ocrx_word' id='word_1_253' title='bbox 786 1889 842 1928; x_wconf 80' lang='lat' dir='ltr'><strong>(in</strong></span> <span class='ocrx_word' id='word_1_254' title='bbox 863 1890 969 1930; x_wconf 80' lang='lat' dir='ltr'><strong>parte</strong></span> <span class='ocrx_word' id='word_1_255' title='bbox 989 1888 1145 1930; x_wconf 78' lang='lat' dir='ltr'><strong>postica)</strong></span> 
     </span>
    </p>

    <p class='ocr_par' dir='ltr' id='par_1_16' title="bbox 412 1944 1546 2395">
     <span class='ocr_line' id='line_1_29' title="bbox 489 1944 1403 1978; baseline -0.003 -1"><span class='ocrx_word' id='word_1_256' title='bbox 489 1948 627 1978; x_wconf 74' lang='lat' dir='ltr'><strong>astrum</strong></span> <span class='ocrx_word' id='word_1_257' title='bbox 903 1944 989 1976; x_wconf 84' lang='lat' dir='ltr'><strong><em>luna</em></strong></span> <span class='ocrx_word' id='word_1_258' title='bbox 1265 1946 1403 1975; x_wconf 71' lang='lat' dir='ltr'><strong>astrum</strong></span> 
     </span>
     <span class='ocr_line' id='line_1_30' title="bbox 412 1996 1420 2055; baseline -0.004 -12"><span class='ocrx_word' id='word_1_259' title='bbox 412 2004 596 2054; x_wconf 83' lang='lat' dir='ltr'>Aequora</span> <span class='ocrx_word' id='word_1_260' title='bbox 627 2001 824 2042; x_wconf 82' lang='lat' dir='ltr'><strong>conclusit</strong></span> <span class='ocrx_word' id='word_1_261' title='bbox 853 2001 981 2053; x_wconf 88' lang='lat' dir='ltr'><strong>campi</strong></span> <span class='ocrx_word' id='word_1_262' title='bbox 1008 2000 1014 2055; x_wconf 94' lang='grc' dir='ltr'>Ι</span> <span class='ocrx_word' id='word_1_263' title='bbox 1041 2001 1217 2052; x_wconf 90' lang='lat' dir='ltr'><strong>divisque</strong></span> <span class='ocrx_word' id='word_1_264' title='bbox 1247 2000 1388 2040; x_wconf 88' lang='lat' dir='ltr'><strong>dicavit</strong></span> <span class='ocrx_word' id='word_1_265' title='bbox 1414 1996 1420 2053; x_wconf 95' lang='grc' dir='ltr'>Ι</span> 
     </span>
     <span class='ocr_line' id='line_1_31' title="bbox 417 2064 1543 2122; baseline -0.003 -12"><span class='ocrx_word' id='word_1_266' title='bbox 417 2076 456 2109; x_wconf 87' lang='lat' dir='ltr'><strong>et</strong></span> <span class='ocrx_word' id='word_1_267' title='bbox 484 2070 678 2122; x_wconf 88' lang='lat' dir='ltr'><strong>templum</strong></span> <span class='ocrx_word' id='word_1_268' title='bbox 710 2068 846 2109; x_wconf 80' lang='lat' dir='ltr'><strong>statuit</strong></span> <span class='ocrx_word' id='word_1_269' title='bbox 875 2068 960 2116; x_wconf 84' lang='lat' dir='ltr'><strong>tibi,</strong></span> <span class='ocrx_word' id='word_1_270' title='bbox 989 2066 995 2121; x_wconf 94' lang='grc' dir='ltr'>Ι</span> <span class='ocrx_word' id='word_1_271' title='bbox 1022 2068 1129 2108; x_wconf 89' lang='lat' dir='ltr'><strong>Delia</strong></span> <span class='ocrx_word' id='word_1_272' title='bbox 1160 2068 1270 2120; x_wconf 89' lang='lat' dir='ltr'><strong>virgo</strong></span> <span class='ocrx_word' id='word_1_273' title='bbox 1308 2067 1509 2116; x_wconf 75' lang='lat' dir='ltr'><strong>triformis,</strong></span> <span class='ocrx_word' id='word_1_274' title='bbox 1538 2064 1543 2119; x_wconf 90' lang='grc' dir='ltr'>Ι</span> 
     </span>
     <span class='ocr_line' id='line_1_32' title="bbox 417 2133 1411 2190; baseline -0.002 -13"><span class='ocrx_word' id='word_1_275' title='bbox 417 2137 569 2178; x_wconf 88' lang='lat' dir='ltr'><strong>Tullius</strong></span> <span class='ocrx_word' id='word_1_276' title='bbox 600 2150 621 2178; x_wconf 91' lang='lat' dir='ltr'><strong>e</strong></span> <span class='ocrx_word' id='word_1_277' title='bbox 651 2136 773 2190; x_wconf 82' lang='lat' dir='ltr'><strong>Libya</strong></span> <span class='ocrx_word' id='word_1_278' title='bbox 803 2142 938 2176; x_wconf 83' lang='lat' dir='ltr'><strong>rector</strong></span> <span class='ocrx_word' id='word_1_279' title='bbox 965 2133 970 2188; x_wconf 92' lang='grc' dir='ltr'>Ι</span> <span class='ocrx_word' id='word_1_280' title='bbox 996 2136 1164 2189; x_wconf 86' lang='lat' dir='ltr'><strong>legionis</strong></span> <span class='ocrx_word' id='word_1_281' title='bbox 1195 2136 1376 2183; x_wconf 84' lang='lat' dir='ltr'><strong>Hiberae,</strong></span> <span class='ocrx_word' id='word_1_282' title='bbox 1405 2133 1411 2189; x_wconf 93' lang='grc' dir='ltr'>Ι</span> 
     </span>
     <span class='ocr_line' id='line_1_33' title="bbox 417 2201 1495 2258; baseline -0.002 -13"><span class='ocrx_word' id='word_1_283' title='bbox 417 2211 460 2245; x_wconf 92' lang='lat' dir='ltr'><strong>ut</strong></span> <span class='ocrx_word' id='word_1_284' title='bbox 490 2205 622 2257; x_wconf 82' lang='lat' dir='ltr'><strong>quiret</strong></span> <span class='ocrx_word' id='word_1_285' title='bbox 650 2204 821 2245; x_wconf 83' lang='lat' dir='ltr'><strong>volucris</strong></span> <span class='ocrx_word' id='word_1_286' title='bbox 852 2215 1027 2257; x_wconf 87' lang='lat' dir='ltr'><strong>capreas,</strong></span> <span class='ocrx_word' id='word_1_287' title='bbox 1056 2203 1061 2258; x_wconf 93' lang='grc' dir='ltr'>Ι</span> <span class='ocrx_word' id='word_1_288' title='bbox 1089 2210 1133 2244; x_wconf 90' lang='lat' dir='ltr'><strong>ut</strong></span> <span class='ocrx_word' id='word_1_289' title='bbox 1162 2205 1282 2257; x_wconf 85' lang='lat' dir='ltr'><strong>figere</strong></span> <span class='ocrx_word' id='word_1_290' title='bbox 1312 2215 1460 2248; x_wconf 80' lang='lat' dir='ltr'><strong>cervos,</strong></span> <span class='ocrx_word' id='word_1_291' title='bbox 1488 2201 1495 2256; x_wconf 93' lang='grc' dir='ltr'>Ι</span> 
     </span>
     <span class='ocr_line' id='line_1_34' title="bbox 415 2268 1546 2326; baseline -0.004 -12"><span class='ocrx_word' id='word_1_292' title='bbox 415 2274 631 2326; x_wconf 82' lang='lat' dir='ltr'><strong>saetigeros</strong></span> <span class='ocrx_word' id='word_1_293' title='bbox 662 2280 706 2313; x_wconf 91' lang='lat' dir='ltr'><strong>ut</strong></span> <span class='ocrx_word' id='word_1_294' title='bbox 734 2284 865 2325; x_wconf 85' lang='lat' dir='ltr'><strong>apros,</strong></span> <span class='ocrx_word' id='word_1_295' title='bbox 895 2279 940 2312; x_wconf 85' lang='lat' dir='ltr'><strong>ut</strong></span> <span class='ocrx_word' id='word_1_296' title='bbox 967 2270 972 2325; x_wconf 94' lang='grc' dir='ltr'>Ι</span> <span class='ocrx_word' id='word_1_297' title='bbox 1000 2284 1193 2324; x_wconf 88' lang='lat' dir='ltr'><strong>equorum</strong></span> <span class='ocrx_word' id='word_1_298' title='bbox 1224 2271 1513 2312; x_wconf 85' lang='lat' dir='ltr'><strong>silvicolentum</strong></span> <span class='ocrx_word' id='word_1_299' title='bbox 1540 2268 1546 2323; x_wconf 92' lang='grc' dir='ltr'>Ι</span> 
     </span>
     <span class='ocr_line' id='line_1_35' title="bbox 414 2334 1534 2395; baseline -0.004 -13"><span class='ocrx_word' id='word_1_300' title='bbox 414 2342 660 2395; x_wconf 87' lang='lat' dir='ltr'><strong>progeniem,</strong></span> <span class='ocrx_word' id='word_1_301' title='bbox 691 2348 735 2381; x_wconf 86' lang='lat' dir='ltr'><strong>ut</strong></span> <span class='ocrx_word' id='word_1_302' title='bbox 764 2352 884 2381; x_wconf 88' lang='lat' dir='ltr'><strong>cursu</strong></span> <span class='ocrx_word' id='word_1_303' title='bbox 915 2346 1081 2387; x_wconf 87' lang='lat' dir='ltr'><strong>certare,</strong></span> <span class='ocrx_word' id='word_1_304' title='bbox 1110 2338 1116 2393; x_wconf 96' lang='grc' dir='ltr'>Ι</span> <span class='ocrx_word' id='word_1_305' title='bbox 1142 2347 1187 2379; x_wconf 84' lang='lat' dir='ltr'><strong>ut</strong></span> <span class='ocrx_word' id='word_1_306' title='bbox 1216 2338 1362 2379; x_wconf 82' lang='lat' dir='ltr'><strong>disice²</strong></span> <span class='ocrx_word' id='word_1_307' title='bbox 1391 2338 1499 2386; x_wconf 83' lang='lat' dir='ltr'><strong>ferri,</strong></span> <span class='ocrx_word' id='word_1_308' title='bbox 1528 2334 1534 2389; x_wconf 93' lang='grc' dir='ltr'>Ι</span> 
     </span>
    </p>
   </div>
   <div class='ocr_carea' id='block_1_10' title="bbox 419 2405 1591 2515">
    <p class='ocr_par' dir='ltr' id='par_1_17' title="bbox 419 2405 1591 2515">
     <span class='ocr_line' id='line_1_36' title="bbox 419 2405 1591 2462; baseline -0.005 -12"><span class='ocrx_word' id='word_1_309' title='bbox 419 2417 459 2450; x_wconf 84' lang='lat' dir='ltr'><strong>et</strong></span> <span class='ocrx_word' id='word_1_310' title='bbox 490 2410 611 2462; x_wconf 89' lang='lat' dir='ltr'><strong>pedes</strong></span> <span class='ocrx_word' id='word_1_311' title='bbox 640 2421 747 2449; x_wconf 88' lang='lat' dir='ltr'><strong>arma</strong></span> <span class='ocrx_word' id='word_1_312' title='bbox 778 2410 912 2449; x_wconf 84' lang='lat' dir='ltr'><strong>ferens</strong></span> <span class='ocrx_word' id='word_1_313' title='bbox 943 2414 981 2448; x_wconf 88' lang='lat' dir='ltr'><strong>et</strong></span> <span class='ocrx_word' id='word_1_314' title='bbox 1007 2406 1013 2462; x_wconf 93' lang='grc' dir='ltr'>Ι</span> <span class='ocrx_word' id='word_1_315' title='bbox 1041 2420 1144 2460; x_wconf 89' lang='lat' dir='ltr'><strong>equo</strong></span> <span class='ocrx_word' id='word_1_316' title='bbox 1175 2407 1364 2447; x_wconf 88' lang='lat' dir='ltr'><strong>iaculator</strong></span> <span class='ocrx_word' id='word_1_317' title='bbox 1394 2405 1555 2445; x_wconf 88' lang='lat' dir='ltr'><strong>Hibero.</strong></span> <span class='ocrx_word' id='word_1_318' title='bbox 1583 2408 1591 2456; x_wconf 90' lang='grc' dir='ltr'>Ι</span> 
     </span>
     <span class='ocr_line' id='line_1_37' title="bbox 789 2474 1150 2515; baseline -0.003 -7"><span class='ocrx_word' id='word_1_319' title='bbox 789 2476 845 2515; x_wconf 81' lang='lat' dir='ltr'><strong>(in</strong></span> <span class='ocrx_word' id='word_1_320' title='bbox 869 2475 980 2508; x_wconf 78' lang='lat' dir='ltr'><strong>latere</strong></span> <span class='ocrx_word' id='word_1_321' title='bbox 1004 2474 1150 2515; x_wconf 78' lang='lat' dir='ltr'><strong>deoetro)</strong></span> 
     </span>
    </p>
   </div>
   <div class='ocr_carea' id='block_1_11' title="bbox 417 2529 1423 2587">
    <p class='ocr_par' dir='ltr' id='par_1_18' title="bbox 417 2529 1423 2587">
     <span class='ocr_line' id='line_1_38' title="bbox 417 2529 1423 2587; baseline -0.005 -12"><span class='ocrx_word' id='word_1_322' title='bbox 417 2535 564 2575; x_wconf 85' lang='lat' dir='ltr'><strong>Dentes</strong></span> <span class='ocrx_word' id='word_1_323' title='bbox 595 2545 797 2587; x_wconf 87' lang='lat' dir='ltr'><strong>aprorum,</strong></span> <span class='ocrx_word' id='word_1_324' title='bbox 824 2530 831 2586; x_wconf 92' lang='grc' dir='ltr'>Ι</span> <span class='ocrx_word' id='word_1_325' title='bbox 857 2544 958 2584; x_wconf 87' lang='lat' dir='ltr'><strong>quos</strong></span> <span class='ocrx_word' id='word_1_326' title='bbox 987 2531 1140 2581; x_wconf 82' lang='lat' dir='ltr'><strong>cecidit,</strong></span> <span class='ocrx_word' id='word_1_327' title='bbox 1168 2530 1174 2586; x_wconf 94' lang='grc' dir='ltr'>Ι</span> <span class='ocrx_word' id='word_1_328' title='bbox 1200 2531 1391 2571; x_wconf 86' lang='lat' dir='ltr'><strong>Maximus</strong></span> <span class='ocrx_word' id='word_1_329' title='bbox 1417 2529 1423 2584; x_wconf 93' lang='grc' dir='ltr'>Ι</span> 
     </span>
    </p>
   </div>
   <div class='ocr_carea' id='block_1_12' title="bbox 418 2596 1379 2709">
    <p class='ocr_par' dir='ltr' id='par_1_19' title="bbox 418 2596 1379 2709">
     <span class='ocr_line' id='line_1_39' title="bbox 418 2596 1379 2653; baseline -0.005 -11"><span class='ocrx_word' id='word_1_330' title='bbox 418 2603 522 2644; x_wconf 85' lang='lat' dir='ltr'><strong>dicat</strong></span> <span class='ocrx_word' id='word_1_331' title='bbox 554 2601 713 2649; x_wconf 87' lang='lat' dir='ltr'><strong>Dianae,</strong></span> <span class='ocrx_word' id='word_1_332' title='bbox 742 2598 747 2653; x_wconf 92' lang='grc' dir='ltr'>Ι</span> <span class='ocrx_word' id='word_1_333' title='bbox 775 2599 984 2652; x_wconf 88' lang='lat' dir='ltr'><strong>pulchrum</strong></span> <span class='ocrx_word' id='word_1_334' title='bbox 1015 2596 1182 2653; x_wconf 71' lang='lat' dir='ltr'><strong>virltutis</strong></span> <span class='ocrx_word' id='word_1_335' title='bbox 1211 2599 1345 2638; x_wconf 85' lang='lat' dir='ltr'><strong>decus.</strong></span> <span class='ocrx_word' id='word_1_336' title='bbox 1374 2596 1379 2651; x_wconf 95' lang='grc' dir='ltr'>Ι</span> 
     </span>
     <span class='ocr_line' id='line_1_40' title="bbox 780 2666 1160 2709; baseline -0.003 -10"><span class='ocrx_word' id='word_1_337' title='bbox 780 2666 837 2709; x_wconf 82' lang='lat' dir='ltr'><strong>(in</strong></span> <span class='ocrx_word' id='word_1_338' title='bbox 861 2666 972 2699; x_wconf 77' lang='lat' dir='ltr'><strong>latere</strong></span> <span class='ocrx_word' id='word_1_339' title='bbox 994 2666 1160 2709; x_wconf 66' lang='lat' dir='ltr'><strong>ninistro)</strong></span> 
     </span>
    </p>
   </div>
   <div class='ocr_carea' id='block_1_13' title="bbox 235 2721 1310 3050">
    <p class='ocr_par' dir='ltr' id='par_1_20' title="bbox 235 2721 1310 3050">
     <span class='ocr_line' id='line_1_41' title="bbox 420 2721 1089 2779; baseline -0.007 -12"><span class='ocrx_word' id='word_1_340' title='bbox 420 2727 585 2767; x_wconf 78' lang='lat' dir='ltr'><strong>Cei-vom</strong></span> <span class='ocrx_word' id='word_1_341' title='bbox 615 2722 874 2779; x_wconf 70' lang='lat' dir='ltr'><strong>altisronltum</strong></span> <span class='ocrx_word' id='word_1_342' title='bbox 907 2734 1056 2763; x_wconf 86' lang='lat' dir='ltr'><strong>cornua</strong></span> <span class='ocrx_word' id='word_1_343' title='bbox 1083 2721 1089 2777; x_wconf 94' lang='grc' dir='ltr'>Ι</span> 
     </span>
     <span class='ocr_line' id='line_1_42' title="bbox 421 2791 958 2847; baseline -0.007 -13"><span class='ocrx_word' id='word_1_344' title='bbox 421 2794 522 2834; x_wconf 82' lang='lat' dir='ltr'><strong>dicat</strong></span> <span class='ocrx_word' id='word_1_345' title='bbox 554 2794 700 2834; x_wconf 90' lang='lat' dir='ltr'><strong>Dianae</strong></span> <span class='ocrx_word' id='word_1_346' title='bbox 727 2792 733 2847; x_wconf 91' lang='grc' dir='ltr'>Ι</span> <span class='ocrx_word' id='word_1_347' title='bbox 761 2791 923 2838; x_wconf 82' lang='lat' dir='ltr'><strong>Tullius,</strong></span> <span class='ocrx_word' id='word_1_348' title='bbox 951 2794 958 2842; x_wconf 85' lang='grc' dir='ltr'>Ι</span> 
     </span>
     <span class='ocr_line' id='line_1_43' title="bbox 423 2855 1168 2914; baseline -0.009 -12"><span class='ocrx_word' id='word_1_349' title='bbox 423 2874 524 2914; x_wconf 89' lang='lat' dir='ltr'><strong>quos</strong></span> <span class='ocrx_word' id='word_1_350' title='bbox 553 2862 644 2902; x_wconf 86' lang='lat' dir='ltr'><strong>vicit</strong></span> <span class='ocrx_word' id='word_1_351' title='bbox 674 2861 713 2900; x_wconf 93' lang='lat' dir='ltr'><strong>in</strong></span> <span class='ocrx_word' id='word_1_352' title='bbox 746 2857 933 2914; x_wconf 63' lang='lat' dir='ltr'><strong>palrami³</strong></span> <span class='ocrx_word' id='word_1_353' title='bbox 961 2868 1134 2909; x_wconf 89' lang='lat' dir='ltr'><strong>aequore</strong></span> <span class='ocrx_word' id='word_1_354' title='bbox 1160 2855 1168 2908; x_wconf 90' lang='grc' dir='ltr'>Ι</span> 
     </span>
     <span class='ocr_line' id='line_1_44' title="bbox 422 2926 972 2979; baseline -0.007 -11"><span class='ocrx_word' id='word_1_355' title='bbox 422 2936 558 2970; x_wconf 84' lang='lat' dir='ltr'><strong>vectus</strong></span> <span class='ocrx_word' id='word_1_356' title='bbox 587 2928 711 2968; x_wconf 81' lang='lat' dir='ltr'><strong>feroci</strong></span> <span class='ocrx_word' id='word_1_357' title='bbox 737 2928 744 2977; x_wconf 86' lang='grc' dir='ltr'>Ι</span> <span class='ocrx_word' id='word_1_358' title='bbox 770 2926 972 2979; x_wconf 88' lang='lat' dir='ltr'><strong>sonipede.</strong></span> 
     </span>
     <span class='ocr_line' id='line_1_45' title="bbox 235 2994 1310 3050; baseline -0.008 -8"><span class='ocrx_word' id='word_1_359' title='bbox 235 2994 351 3042; x_wconf 67' lang='lat'>3260</span> <span class='ocrx_word' id='word_1_360' title='bbox 621 3006 677 3050; x_wconf 81' lang='lat' dir='ltr'><strong>(in</strong></span> <span class='ocrx_word' id='word_1_361' title='bbox 701 3004 835 3047; x_wconf 81' lang='lat' dir='ltr'><strong>tabula,</strong></span> <span class='ocrx_word' id='word_1_362' title='bbox 860 3014 954 3047; x_wconf 83' lang='lat' dir='ltr'><strong>quae</strong></span> <span class='ocrx_word' id='word_1_363' title='bbox 977 3013 1050 3035; x_wconf 82' lang='lat' dir='ltr'><strong>una</strong></span> <span class='ocrx_word' id='word_1_364' title='bbox 1076 3004 1219 3045; x_wconf 79' lang='lat' dir='ltr'><strong>reperta</strong></span> <span class='ocrx_word' id='word_1_365' title='bbox 1245 3001 1310 3044; x_wconf 77' lang='lat' dir='ltr'><strong>est)</strong></span> 
     </span>
    </p>
   </div>
   <div class='ocr_carea' id='block_1_14' title="bbox 427 3057 1562 3156">
    <p class='ocr_par' dir='ltr' id='par_1_21' title="bbox 427 3057 1562 3156">
     <span class='ocr_line' id='line_1_46' title="bbox 427 3057 1562 3143; baseline 0.003 -38"><span class='ocrx_word' id='word_1_366' title='bbox 427 3065 558 3105; x_wconf 83' lang='lat' dir='ltr'><strong>Donat</strong></span> <span class='ocrx_word' id='word_1_367' title='bbox 586 3064 661 3104; x_wconf 89' lang='lat' dir='ltr'><strong>hac</strong></span> <span class='ocrx_word' id='word_1_368' title='bbox 691 3062 796 3115; x_wconf 81' lang='lat' dir='ltr'><strong>peni,</strong></span> <span class='ocrx_word' id='word_1_369' title='bbox 833 3057 1007 3116; x_wconf 80' lang='lat' dir='ltr'><strong>D[iana]‚</strong></span> <span class='ocrx_word' id='word_1_370' title='bbox 1543 3122 1562 3143; x_wconf 56' lang='grc'>*</span> 
     </span>
     <span class='ocr_line' id='line_1_47' title="bbox 1514 3124 1533 3156; baseline 0 0"><span class='ocrx_word' id='word_1_371' title='bbox 1514 3124 1533 3156; x_wconf 91' lang='grc'><strong>3</strong></span> 
     </span>
    </p>
   </div>
  </div>
 </body>
</html>
