2092 3360
249 202 328 240 146
987 199 1107 244 caput
1130 197 1194 234 XI.

358 315 473 362 4148
530 317 580 356 Μ.
622 316 658 355 d.
700 327 751 353 m.
788 314 816 353 1.
853 311 859 368 Ι
894 319 935 354 et
973 313 1091 354 Attidi
1131 310 1433 368 Menoltyranno
1473 313 1828 368 conserlvatoribus
1864 315 1960 365 suis,

246 386 409 440 Caellius
441 385 664 424 Hilarianus
696 395 729 421 v.
761 394 810 430 c.‚
837 381 844 436 Ι
878 381 1164 434 duodecimbyr
1190 378 1196 434 Ι
1225 381 1334 422 urbis
1362 381 1545 431 Romae⁴‚
1573 379 1580 437 Ι
1607 395 1644 434 p.
1675 382 1725 423 s.¹⁵
1754 389 1794 423 et
1829 382 1960 423 hiero-

245 466 362 506 eeryx
390 450 395 507 Ι
432 453 457 491 i.
489 451 570 497 ΜΡ,
601 464 632 491 s.
664 451 702 490 d.
735 450 792 499 L„
828 463 859 490 s.
891 451 928 490 d.
957 448 962 504 Ι
990 449 1168 498 Hecate⁷,
1202 448 1210 504 Ι
1242 450 1278 490 d.
1310 463 1351 490 n.
1383 449 1570 491 Gratiano
1601 451 1700 503 Aug.
1729 448 1735 504 Ι
1762 455 1801 491 et
1830 449 1961 491 Mero-

245 521 370 560 baude
398 517 402 574 Ι
431 532 560 559 conss.
592 518 646 558 ΙΙΙ
677 518 764 558 idus
792 514 798 572 Ι
824 517 976 558 Maias⁸.

358 607 470 654 4149
525 609 576 649 Μ.
609 609 645 648 d.
677 621 730 648 m.
762 608 791 647 Ι.
833 606 838 662 Ι
881 613 920 648 et
950 607 1070 648 Attidi
1105 614 1241 648 sancto
1282 609 1290 662 Ι
1329 609 1633 663 Menotyranno‚
1676 607 1683 663 Ι
1722 608 1770 656 Q.
1804 608 1963 650 Clodius

246 679 454 719 Flavianus
494 673 500 730 Ι
541 690 574 717 ν.
605 689 655 725 e.,
695 681 807 731 pont.
838 676 1000 725 mai0r⁹,
1042 674 1048 729 Ι
1089 675 1217 715 XVvir
1246 690 1276 717 s.
1308 677 1349 726 f„
1385 676 1406 733 Ι
1433 675 1660 734 εθρῑθῐῃΙνὶι·
1689 677 1922 730 epulonum,
1954 674 1960 731 Ι

245 747 423 799 pontifex
445 745 506 785 dei
528 745 643 794 Solis,
671 745 677 800 Ι
706 744 929 785 taurobolio
950 742 1237 800 criobollioque
1258 751 1449 798 percepto
1477 743 1483 801 Ι
1509 758 1618 786 aram
1638 746 1792 795 dicavit,
1813 741 1822 800 Ι
1844 744 1963 786 nonis

247 813 446 867 Aprilibus
471 812 477 869 Ι
506 813 609 853 FFll.
642 812 880 853 Merobaude
911 813 946 852 11
972 813 978 867 Ι
1006 818 1046 853 et
1075 812 1292 854 Saturnino
1318 814 1326 868 Ι
1352 814 1517 854 conss.¹⁰

359 901 474 948 4150
514 933 721 944 .......
739 904 803 943 u¹¹
834 916 868 944 c.
890 905 930 952 f„
958 904 963 957 Ι
990 905 1177 944 sacerdus
1202 909 1286 954 (sic)
1317 904 1485 944 maxima
1511 902 1519 958 Ι
1545 904 1596 945 Μ.
1619 905 1655 945 d.
1677 917 1730 945 m.
1753 905 1797 954 1„
1827 911 1963 944 tauro-

247 973 352 1013 bolio
394 971 400 1025 Ι
440 972 712 1024 criobolioque
750 969 932 1025 repetilto
973 972 1045 1013 diis
1084 968 1439 1026 omnipotentilbus
1469 972 1520 1012 M.
1551 973 1596 1012 d-
1622 978 1661 1012 et
1690 973 1770 1012 Atti
1809 971 1817 1027 Ι
1856 984 1964 1012 aram

246 1041 399 1089 dicavit,
426 1039 432 1094 Ι
462 1041 577 1081 nonis
606 1040 807 1093 Aprilibus
833 1037 839 1095 Ι
867 1040 924 1082 Fl.
946 1040 1186 1082 Merobaude
1212 1041 1219 1095 Ι
1246 1055 1280 1082 v.
1303 1055 1336 1082 c.
1368 1041 1511 1081 iterum
1540 1039 1547 1095 Ι
1573 1046 1612 1082 et
1640 1041 1700 1081 Fl.
1722 1036 1962 1089 Saturnino!

248 1122 281 1149 v.
310 1122 344 1149 e.
376 1110 539 1149 eonss.¹⁰

360 1197 473 1243 4151
515 1198 588 1239 diis
609 1198 952 1251 omnipotentibus
978 1197 984 1253 Ι
1010 1198 1158 1240 Lucius
1179 1199 1380 1252 Ragonius
1405 1197 1411 1253 Ι
1440 1198 1640 1241 Venustus
1668 1213 1704 1240 v.
1726 1213 1777 1250 c.,
1804 1199 1811 1254 Ι
1837 1211 1966 1252 augur

250 1267 431 1320 publicus
457 1266 463 1321 Ι
491 1279 529 1319 p.
562 1280 593 1307 r.
625 1267 685 1316 Q„
721 1267 899 1320 pontifex
925 1266 931 1320 Ι
960 1267 1126 1308 Vestalis
1156 1268 1294 1317 maior,
1321 1265 1327 1321 Ι
1354 1273 1544 1320 percepto
1574 1268 1799 1309 taurobolio
1826 1267 1833 1323 Ι
1859 1269 1964 1309 crio-

249 1336 435 1388 bolioque
462 1334 469 1389 Ι
495 1335 528 1374 X
548 1334 625 1375 kal.
646 1335 734 1375 Iun.
762 1333 768 1390 Ι
795 1335 831 1375 d.
850 1348 890 1374 n.
908 1334 1183 1376 Valentiniano
1209 1333 1216 1389 Ι
1245 1337 1342 1387 Aug.
1364 1335 1436 1375 llll
1458 1342 1497 1376 et
1523 1334 1530 1390 Ι
1556 1336 1741 1377 Neoterio
1763 1334 1962 1391 conss-¹2!

249 1417 353 1444 aram
385 1403 643 1443 consecravit.

363 1469 494 1503 Romae
518 1481 591 1513 rep.
618 1480 697 1502 cum
713 1480 789 1503 una
805 1469 851 1503 Ν.
867 1470 951 1503 4445
970 1470 1041 1510 (VI
1054 1470 1235 1504 499-505
1251 1480 1373 1502 recens
1390 1473 1552 1513 repertas
1569 1471 1761 1514 descripsit
1778 1471 1966 1515 Grimaldi,

249 1527 361 1560 solam
376 1529 592 1570 postremam
611 1537 701 1569 quae
716 1536 812 1559 nunc
829 1529 930 1559 eattat
944 1527 984 1559 in
1001 1537 1121 1560 museo
1136 1526 1339 1570 Capitolino
1356 1526 1449 1559 vidit
1464 1527 1634 1569 Henzen).
1649 1547 1692 1552 —
1711 1529 1744 1570 1)
1763 1526 1817 1568 Gr.
1830 1527 1967 1562 Ν.4446

250 1587 324 1618 not.
338 1584 369 1618 4.
393 1602 437 1607 —
463 1585 496 1625 2)
520 1583 699 1616 Incertum
724 1593 795 1625 qua
817 1583 1005 1626 parentela
1031 1585 1244 1617 coniunctus
1268 1593 1348 1616 cum
1370 1582 1495 1617 Clodio
1511 1583 1799 1626 Hermogeniana
1819 1584 1967 1629 Olybrio

250 1651 362 1684 supra
386 1640 431 1674 Ν.
448 1638 580 1684 427014,
605 1642 640 1672 et
661 1641 739 1682 ipso
763 1639 977 1681 proconsule
1001 1638 1151 1679 Africae
1175 1643 1210 1672 et
1229 1638 1414 1682 praefecto
1438 1641 1540 1673 urbis
1564 1639 1707 1675 Romae.
1755 1640 1876 1686 (Hunc
1893 1652 1967 1675 esse

253 1696 441 1731 Claudium
458 1698 522 1739 qui
537 1695 645 1738 vulgo
666 1695 927 1738 appellabatur,
948 1696 1201 1738 proconsulem
1217 1695 1370 1736 Africae
1385 1707 1417 1729 a.
1430 1697 1623 1739 368-370,
1643 1697 1870 1741 praefectum
1884 1699 1969 1732 urbi

252 1764 292 1786 eo
310 1755 386 1796 ipso
404 1763 500 1786 anno
525 1764 594 1796 qno
620 1753 679 1786 hic
696 1753 821 1786 titulus
843 1754 981 1795 positus
1003 1755 1056 1784 est
1070 1753 1147 1794 374,
1171 1755 1373 1786 coniecerat
1389 1752 1498 1786 Seeck
1512 1752 1630 1796 praef:
1650 1755 1699 1787 ad
1714 1754 1967 1798 Symmachum

248 1821 287 1853 p.
304 1809 457 1844 XCVIII
468 1820 542 1843 non
557 1813 674 1852 recte,·
697 1819 782 1842 nam
799 1810 857 1842 hic
875 1809 1048 1842 Claudius
1071 1809 1323 1853 appellabatur
1339 1811 1527 1843 Petronius
1545 1810 1727 1852 Claudius,
1751 1814 1838 1844 teste
1861 1811 1968 1844 titulo

251 1866 432 1907 Africano
456 1877 572 1909 nuper
595 1868 737 1908 reperto
761 1865 853 1899 Bull.
872 1866 972 1899 arch.
990 1865 1050 1899 des
1067 1865 1196 1899 comite
1210 1866 1270 1899 des
1289 1869 1334 1900 tr.
1352 1867 1435 1899 bist.
1452 1866 1539 1900 4899
1553 1878 1587 1910 p.
1601 1867 1699 1911 455.)
1716 1886 1761 1891 —
1786 1869 1821 1910 3)
1845 1868 1887 1901 49
1899 1868 1968 1901 Iul.

211 1961 214 1964 Α
251 1924 327 1958 574.
352 1943 397 1948 -
429 1925 463 1965 4)
490 1921 544 1963 Cfi
569 1933 681 1966 supra
707 1920 752 1956 N.
770 1922 864 1955 4498.
891 1922 988 1956 4249.
1015 1941 1057 1946 -
1092 1924 1124 1964 5)
1150 1924 1257 1956 Pater
1279 1933 1484 1965 sacrorum,
1521 1924 1556 1966 6)
1579 1925 1710 1956 invicti
1731 1923 1898 1958 Mithrae.
1922 1943 1969 1948 —

254 1983 288 2023 7)
312 1979 488 2014 Sacerdos
518 1979 577 2012 doz·
601 1979 739 2020 Liberi,
770 1978 936 2012 sacerdos
967 1979 1052 2012 deae
1084 1979 1239 2012 Hecatae
1270 1979 1339 2023 (sic
1365 1981 1599 2023 Hagmbuch,
1630 1983 1726 2013 recte
1748 1983 1792 2013 ut
1813 1980 1969 2023 videtur,

254 2036 300 2077 cs'.
326 2036 373 2070 N.
390 2036 508 2080 4452).
532 2054 579 2060 ——
604 2036 637 2077 8)
660 2035 704 2069 45
721 2034 811 2068 Mai.
834 2035 901 2069 377
926 2034 1025 2080 (post
1050 2035 1220 2069 Gratiani
1241 2046 1369 2069 nomen
1392 2047 1563 2070 numerus
1586 2036 1627 2071 lll
1652 2038 1803 2070 omissus
1825 2037 1904 2088 est).
1923 2056 1967 2062 -—

254 2095 287 2136 9)
312 2093 484 2133 Pontifeae
500 2094 618 2125 maior
632 2093 708 2125 sive
724 2091 890 2133 Vestalis,
912 2095 1102 2135 praeterea
1117 2090 1192 2132 fuit
1202 2092 1376 2136 pontifeoe
1393 2093 1498 2128 Solis.
1518 2112 1558 2118 ·-—
1581 2095 1635 2135 10)
1650 2095 1673 2127 5
1689 2094 1806 2136 April.
1822 2095 1905 2128 583.
1921 2113 1967 2118 —

257 2152 311 2193 11)
339 2150 490 2184 Videtur
512 2160 693 2193 superesse
718 2159 763 2181 ecc
786 2150 931 2181 nomine
954 2147 1133 2190 feminae‚·
1165 2160 1263 2183 mcor
1285 2148 1442 2189 fortasse
1464 2149 1578 2190 fuisse
1599 2150 1774 2184 Flaviani
1805 2152 1883 2183 eius
1906 2153 1970 2194 qui

254 2208 373 2240 eodem
398 2207 455 2240 die
480 2206 723 2239 taurolmlium
746 2208 906 2247 percepit
930 2205 991 2245 (N.
1007 2205 1120 2247 4449).
1145 2225 1189 2229 —
1216 2208 1271 2248 12)
1295 2207 1344 2241 23
1359 2206 1443 2240 Mai.
1466 2207 1545 2240 390.

368 2297 482 2344 4152
530 2298 589 2338 dis
617 2297 621 2351 Ι
655 2298 806 2349 magnis
832 2297 838 2352 Ι
865 2298 982 2337 Matri
1012 2298 1129 2338 deum
1165 2304 1205 2338 et
1234 2298 1353 2338 Attidi
1385 2296 1582 2354 Selxtilius
1611 2298 1812 2351 Agesilaus
1842 2298 1970 2339 Aede-

255 2368 358 2408 sius¹
390 2380 425 2406 v.
451 2380 499 2415 c.,
531 2379 738 2406 causarum
772 2379 853 2406 non
884 2360 1082 2420 ignobillis
1112 2366 1287 2406 Africani
1316 2366 1525 2406 tribunalis
1555 2365 1701 2424 craltor
1730 2372 1769 2406 et
1797 2366 1837 2407 in
1870 2379 1969 2407 con-

256 2436 411 2476 sistorio
438 2434 443 2490 Ι
473 2435 713 2487 principum,
744 2434 837 2474 item
862 2429 1060 2490 magistelr
1090 2434 1256 2474 libellor.
1288 2442 1326 2474 et
1356 2434 1573 2487 cognition.
1602 2430 1608 2487 Ι
1633 2445 1852 2483 sacrarum,
1887 2446 1969 2475 ma-

256 2504 378 2557 gister
408 2499 634 2559 epistullar„
666 2502 853 2555 magister
882 2503 1108 2551 memoriae,
1136 2502 1142 2556 Ι
1170 2502 1338 2543 vicarius
1367 2503 1603 2555 praefector.
1629 2513 1702 2554 per
1727 2499 1734 2556 Ι
1760 2501 1970 2554 Hispanias

256 2572 340 2611 vice
370 2585 402 2612 s.
434 2571 499 2620 c.²,
527 2571 651 2628 palter
682 2570 862 2623 patrum³
891 2570 954 2611 dei
976 2570 1079 2611 Solis
1109 2564 1256 2623 invilcti
1286 2570 1464 2619 Mithrae,
1494 2569 1714 2609 hierofanta
1740 2566 1747 2623 Ι
1776 2568 1969 2619 Hecaten,

258 2639 319 2679 dei
342 2639 473 2679 Liberi
501 2635 803 2694 archilbueolus‚
834 2639 1057 2679 taurobolio
1085 2638 1091 2693 Ι
1118 2637 1352 2690 criobolioq.
1374 2638 1414 2678 in
1437 2635 1654 2692 aeterlnum
1676 2643 1838 2678 renatus
1863 2649 1970 2678 aram

258 2703 436 2763 sacralvit
475 2707 538 2747 dd.
579 2719 647 2746 nn.
688 2704 862 2764 Valenlte
893 2707 923 2745 V
962 2712 999 2747 et
1040 2706 1313 2746 Valentiniano
1340 2703 1347 2760 Ι
1373 2705 1456 2745 iun.
1497 2705 1622 2757 Augg.
1661 2717 1794 2745 conss.
1835 2704 1929 2746 idib.
1962 2699 1970 2760 Ι

260 2775 467 2828 Augustis⁴
498 2780 552 2819 (in
576 2779 706 2813 deaetro
739 2779 851 2812 latere
879 2773 1000 2823 pinus,
1033 2791 1051 2812 e
1075 2780 1177 2812 caius
1202 2770 1342 2812 truncis
1363 2778 1520 2821 pendent
1546 2779 1656 2810 tibiae
1680 2781 1715 2811 et
1737 2779 1855 2822 tiara,
1885 2779 1971 2812 item

261 2843 355 2875 aries
363 2854 376 2883 ,·
411 2844 450 2874 in
474 2843 622 2875 sinistro
642 2844 753 2885 pinus
776 2843 919 2883 itidem,
953 2854 971 2875 e
997 2843 1100 2875 cuias
1122 2842 1236 2875 ramis
1256 2841 1413 2885 pendent
1437 2843 1647 2884 tympanum
1671 2843 1706 2874 et
1727 2839 1862 2881 fistula,
1885 2841 1972 2873 item

261 2901 399 2931 taurus.
446 2898 480 2930 A
504 2900 606 2941 tergo
630 2897 741 2942 faces,
763 2901 903 2942 patera,
926 2899 1043 2943 vasa).

362 2954 493 2988 Romae
511 2957 551 2988 in
568 2957 716 2998 regione
735 2955 899 2989 Suburae
911 2955 981 2996 (VI
990 2955 1056 2988 540
1073 2955 1126 2988 bis
1139 2956 1230 2997 puto
1247 2953 1302 2986 vel
1318 2955 1374 2985 ter
1386 2953 1566 2996 descripta
1583 2953 1640 2986 vel
1655 2951 1800 2986 cortona
1816 2951 1970 2996 lapidem

262 3013 389 3043 eoeacta
414 3021 506 3045 saec.
530 3010 643 3055 XVI).
666 3030 713 3036 -
738 3013 770 3054 1)
794 3012 863 3045 Est
885 3011 1057 3045 Aedesius
1080 3011 1253 3054 magister
1274 3011 1465 3043 memoriae
1486 3012 1705 3043 memoratus
1720 3009 1763 3042 ab
1779 3007 1970 3042 Ammiano

262 3067 315 3106 45,
328 3067 362 3105 ὅ,
375 3067 406 3099 4.
419 3086 464 3090 -
490 3067 523 3108 2)
543 3068 628 3100 Vice
644 3078 750 3100 sacra
771 3077 996 3108 cognoscens.
1010 3085 1055 3090 —
1073 3067 1108 3108 3)
1126 3065 1180 3106 Cf.
1195 3065 1298 3105 infra
1315 3064 1360 3099 Ν.
1370 3067 1459 3099 4254
1472 3068 1545 3100 not.
1557 3066 1594 3100 ὅ.
1610 3084 1656 3090 --
1675 3066 1711 3107 4)
1729 3063 1775 3099 45
1785 3063 1970 3118 Augzfflss.
