2092 3360
198 151 279 189 262
952 148 1070 194 Caput
1091 148 1156 186 XI.

311 262 425 309 4994
472 264 546 304 diis
575 262 759 303 manibus
791 262 797 317 Ι
835 263 879 303 Τ.
910 263 1015 304 Flavi
1046 264 1144 317 Aug.
1175 264 1202 307 l.
1237 262 1244 320 Ι
1281 265 1458 306 Onesimi
1498 265 1504 321 Ι
1546 266 1689 307 aeditui
1725 269 1862 322 templi
1901 267 1909 325 Ι

201 332 292 373 novi
321 332 397 372 divi
427 332 554 384 Aug.,¹
589 330 595 383 Ι
629 327 809 387 Ρίι·[νηῖ]3
838 332 1006 373 Martilla
1041 330 1047 387 Ι
1081 345 1183 373 uxor
1211 333 1384 386 piissima
1420 331 1426 388 Ι
1462 341 1501 375 et
1530 334 1626 385 sibi,
1668 340 1706 375 et
1739 333 1745 389 Ι
1780 335 1911 377 Flavia

201 399 380 452 Crispina
410 399 435 438 l.

311 464 443 499 Romae
477 469 519 498 ut
553 465 695 498 videtur
733 466 810 507 (VI
827 466 912 500 8704
947 467 1055 501 semel
1083 468 1291 513 descripta).
1328 488 1373 494 —-
1410 471 1442 512 1)
1467 470 1520 502 De
1554 469 1682 514 templo
1714 480 1806 504 novo
1839 471 1914 505 dim·

199 523 357 564 Augus-ez·
380 520 427 561 cf.
453 522 595 555 Henzen
619 522 707 556 Arv.
727 533 763 565 p.
780 524 838 558 55.

313 612 426 658 4995
476 614 535 655 dis
564 615 748 655 manibus
774 612 847 670 Ι.
809 617 1005 667 ...Aug
1028 615 1094 656 lib.
1116 616 1317 670 Bathyllus
1346 618 1497 658 aeditus
1527 618 1664 671 templi
1694 617 1769 658 divi
1789 619 1888 671 Aug.
1908 617 1915 674 Ι

206 680 271 739 [e]t
301 683 410 723 divae
440 683 640 735 Augustae
671 685 776 736 quod
808 690 867 725 est
903 685 943 724 in
976 684 1178 734 Palatium,
1206 683 1211 738 Ι
1239 685 1415 726 inmunis
1445 691 1484 726 et
1512 686 1744 727 honoratus.

315 749 446 783 Romae
480 760 556 792 rep.
592 752 633 783 in
666 752 830 794 sepulcro
867 751 1077 785 libertorum
1113 755 1148 785 et
1180 763 1366 786 servorum
1396 753 1523 786 Liviae
1557 753 1606 786 ad
1634 754 1731 786 viam
1759 734 1916 797 Appiam

204 806 277 850 (VI
295 808 389 842 4222
413 807 505 840 vidit
530 807 701 852 Henzen).

317 886 430 933 4996
486 889 523 928 d.
554 901 607 928 m.
649 886 655 944 Ι
697 889 742 931 Τ.
775 889 905 930 Flavio
937 890 1024 942 Aug
1060 889 1127 931 lib.
1168 888 1174 942 ι
1216 889 1385 930 Liberali
1423 889 1579 930 aedituo
1622 886 1629 942 1
1668 890 1752 930 aad.
1784 878 1937 932 Martis'

206 956 367 1006 ultoris,
403 957 408 1007 Ι
444 956 602 997 Claudia
633 956 793 997 Exoche
827 957 833 1013 Ι
869 958 1030 1011 coniugi
1065 957 1070 1013 Ι
1107 957 1210 998 bene
1240 958 1411 998 merenti
1441 955 1512 1011 etl
1549 957 1623 999 sibi
1654 958 1758 1007 fecit,
1785 957 1791 1013 Ι
1827 959 1921 999 vixit

207 1030 300 1065 ann.
331 1024 445 1065 LVll.

318 1089 451 1124 Romae
476 1091 546 1135 (VI
568 1092 654 1126 8709
678 1093 771 1126 vidit
794 1092 978 1138 Smetius).

320 1181 433 1227 4997
483 1185 520 1224 d.
552 1196 603 1224 m.
632 1182 637 1238 Ι
664 1184 887 1225 Abascanto
918 1185 1017 1237 Aug.
1048 1184 1116 1225 lib.
1145 1182 1151 1238 Ι
1177 1184 1331 1224 aedituo
1362 1184 1469 1225 aedis
1498 1184 1673 1237 Neptuni
1701 1183 1707 1239 Ι
1734 1196 1834 1237 quae
1864 1189 1925 1226 est

208 1252 249 1292 in
281 1252 389 1292 circo
420 1252 615 1302 Flamin.¹,
644 1249 650 1307 Ι
677 1252 832 1294 Flavius
861 1253 1054 1294 Ascanius
1085 1259 1124 1293 et
1149 1251 1155 1306 Ι
1183 1253 1337 1293 Pallans
1368 1252 1476 1293 Caes.
1509 1266 1549 1293 n.
1580 1264 1656 1293 ser.
1684 1251 1690 1306 Ι
1717 1253 1872 1294 adiutor
1901 1265 1924 1294 3

208 1320 394 1361 rationib.
423 1318 428 1375 Ι
456 1321 558 1374 patri
588 1320 764 1373 piissimo
794 1322 868 1361 fec.

322 1388 454 1421 Romae
480 1387 552 1432 (VI
571 1389 664 1422 8425
687 1388 781 1421 vidit
804 1388 988 1430 Smetius).
1012 1406 1058 1412 —
1084 1388 1117 1431 1)
1143 1387 1196 1428 Cf.
1220 1387 1311 1421 Ptin.
1337 1388 1369 1422 Ιι.
1393 1398 1428 1420 n.
1453 1388 1510 1430 56,
1534 1389 1591 1422 26.

209 1514 213 1515 ⁷
323 1466 440 1514 4998
471 1473 545 1517 (vir
559 1467 771 1514 sacrificans
788 1473 839 1506 ad
853 1473 972 1518 aram)
998 1468 1072 1509 diis
1088 1468 1269 1508 Manibus
1285 1468 1291 1524 Ι
1313 1480 1469 1508 Sacrum
1488 1469 1493 1518 Ι
1517 1468 1576 1508 Ti.
1595 1467 1755 1508 Claudio
1772 1468 1897 1509 Acuto
1915 1464 1923 1516 Ι

211 1537 368 1578 aedituo
400 1538 506 1578 aedis
532 1537 538 1593 Ι
567 1537 823 1586 Concordiae,
856 1537 923 1589 q‘ui
953 1537 1047 1577 vixit
1073 1535 1078 1592 Ι
1106 1537 1221 1577 annis
1251 1535 1475 1576 LXXXXVI
1505 1536 1591 1576 sine
1623 1536 1700 1576 ulla
1728 1533 1732 1588 Ι
1761 1535 1925 1584 offensa,

212 1605 308 1646 lulia
340 1606 506 1646 Classica
537 1606 641 1646 bene
669 1603 674 1660 Ι
701 1606 842 1646 merito
873 1617 965 1656 erga
995 1618 1051 1655 se,
1082 1610 1121 1645 et
1150 1604 1225 1645 sibi
1255 1604 1407 1644 libertis
1433 1603 1438 1656 Ι
1467 1603 1764 1655 libertabusque
1793 1609 1926 1656 poste-

213 1674 348 1726 risque
379 1686 530 1714 eorum.
567 1672 572 1729 Ι
607 1674 738 1715 Locus
767 1673 967 1727 sepulchri
997 1673 1176 1713 continet
1211 1670 1217 1726 Ι
1252 1684 1326 1725 per
1355 1672 1494 1724 cippos
1528 1671 1738 1724 dispositos
1767 1670 1921 1726 iugem}

214 1747 413 1794 quattuor,
445 1748 484 1782 et
514 1742 716 1782 nubilare¹
747 1742 858 1782 locus
887 1741 1138 1781 habitationis
1163 1739 1169 1795 Ι
1196 1741 1319 1781 tutela
1348 1739 1598 1780 monimenti.

327 1808 459 1842 Romae
485 1809 555 1852 (VI
570 1810 662 1844 2204
684 1809 779 1841 vidit
795 1809 965 1850 Henzen).
983 1827 1029 1832 —-
1054 1809 1086 1849 1)
1111 1807 1208 1840 Idem
1224 1809 1266 1839 ut
1281 1806 1426 1840 videtur
1442 1806 1539 1849 quod
1552 1806 1787 1849 nubilarium,
1808 1804 1929 1839 Varro

214 1876 245 1900 r.
263 1876 293 1900 r.
309 1865 341 1908 4,
358 1865 414 1908 45,
429 1867 462 1899 5.
495 1865 629 1899 Colum.
645 1866 676 1908 4,
692 1867 713 1899 6
736 1866 799 1898 sub
825 1865 888 1905 fin.

329 1957 446 2003 4999
486 1960 560 1999 diis
589 1959 757 2012 propitis
783 1956 789 2013 Ι
817 1957 975 1998 Claudia
1005 1957 1063 1997 Ti.
1095 1957 1122 1997 f.
1144 1956 1292 2004 Quinta
1318 1955 1324 2011 Ι
1353 1955 1394 1997 C.
1415 1955 1514 1995 Iulio
1546 1954 1712 2008 Hymeto
1742 1952 1929 2010 aedituo!

216 2029 364 2069 Dianae
396 2028 643 2076 Plancianae,
671 2025 677 2082 Ι
712 2026 940 2080 paedagogo
971 2038 1044 2067 suo
1074 2025 1148 2068 καὶ
1175 2022 1181 2080 Ι
1207 2024 1452 2081 καθηγητῇ,
1484 2024 1578 2063 item
1612 2019 1619 2078 Ι
1653 2022 1775 2063 tutori
1805 2034 1826 2062 a
1856 2035 1932 2075 pu-

217 2097 355 2150 pillatu
382 2095 388 2151 Ι
416 2096 466 2136 ob
496 2095 689 2136 redditam
719 2094 793 2135 sibi
830 2092 835 2149 Ι
870 2094 918 2134 ab
950 2107 996 2135 eo
1027 2094 1252 2134 fidelissime
1279 2091 1286 2148 Ι
1311 2093 1494 2145 tutelam,
1534 2097 1574 2132 et
1604 2091 1644 2132 C.
1676 2090 1776 2131 lulio
1803 2087 1809 2144 Ι
1836 2089 1934 2143 Epi-

218 2165 420 2218 tynchano
452 2164 563 2203 fratri
596 2161 601 2218 Ι
638 2164 736 2212 eius,
767 2169 806 2203 et
835 2163 957 2203 Iuliae
987 2162 1146 2215 Sporidi
1172 2159 1177 2216 Ι
1212 2173 1403 2202 mammae
1433 2172 1527 2201 suae
1557 2160 1599 2209 f.‚
1632 2156 1639 2213 Ι
1674 2157 1741 2198 lib.
1771 2155 1932 2198 liberta-

219 2233 336 2285 busq.
365 2238 491 2285 poste.
523 2243 605 2271 eor.
1719 2229 1724 2233 ”

334 2298 466 2332 Romae
491 2298 562 2339 (VI
580 2298 672 2332 2210
696 2298 788 2331 vidit
812 2297 982 2341 Henzen).

346 2390 461 2436 5000
508 2391 550 2430 C.
572 2390 709 2431 Vibius
736 2389 741 2444 Ι
767 2390 1023 2442 Polycarpus,
1049 2388 1056 2442 Ι
1084 2388 1124 2429 C.
1146 2387 1281 2428 Vibius
1309 2384 1314 2440 Ι
1341 2387 1481 2427 Dorus.
1512 2384 1528 2440 ΙΙ
1558 2385 1679 2426 Halus
1709 2384 1767 2424 Ti.
1798 2382 1933 2424 Claudi

225 2460 400 2501 Caesaris
430 2459 610 2500 aedituus
634 2456 641 2513 Ι
669 2458 717 2498 de
747 2457 842 2498 aede
873 2457 974 2498 Iovis
1004 2456 1181 2510 porticus
1212 2455 1407 2496 Octaviae.

339 2526 449 2560 Roma
474 2528 552 2559 sine
575 2526 683 2558 dubio
709 2524 838 2558 Senam
865 2523 1038 2557 Gallicam
1063 2523 1189 2556 adlata
1220 2522 1292 2565 (VI
1311 2521 1399 2556 8708
1420 2521 1514 2554 vidit
1535 2518 1755 2562 Mommsen).

341 2618 451 2663 5001
508 2618 672 2665 Quintio
699 2617 705 2672 Ι
732 2617 898 2669 Augusti
929 2622 967 2656 et
993 2614 999 2670 Ι
1027 2617 1237 2668 Augustae,
1266 2614 1271 2670 Ι
1307 2615 1484 2657 aedituus
1513 2612 1663 2653 Vestae.
1686 2609 1701 2665 ΙΙ
1731 2609 1898 2650 Veneria
1925 2608 1933 2665 Ι

226 2688 368 2728 Iuliaes
392 2688 490 2740 Aug.
519 2685 524 2742 Ι
550 2699 684 2735 verna,
713 2698 748 2725 v,
779 2697 812 2724 a.
833 2684 932 2732 XVI,
962 2682 966 2738 Ι
993 2684 1031 2724 h.
1063 2697 1094 2724 s.
1126 2697 1174 2733 e.,
1198 2681 1214 2739 ΙΙ
1235 2684 1386 2723 fratres.

340 2754 471 2804 Romae
496 2754 565 2794 (VI
585 2753 672 2788 5745
696 2753 789 2786 vidit
810 2753 980 2793 Henzen).

342 2845 455 2891 5002
510 2846 647 2887 Doridi
677 2845 801 2886 Asinii
832 2844 949 2894 Galli,
984 2842 990 2899 Ι
1022 2844 1201 2884 aedituae
1231 2855 1252 2883 a
1282 2842 1422 2889 Diana,
1452 2837 1458 2894 Ι
1493 2837 1710 2879 Antiochus
1740 2847 1897 2876 conset.
1924 2834 1933 2890 Ι

229 2915 267 2955 b.
298 2928 349 2955 m.
380 2916 407 2954 f.

345 2980 485 3024 Romae,
509 2992 606 3015 mmo
628 2981 838 3015 Florentiae
864 2980 933 3021 (Vl
955 2979 1048 3014 2209
1071 2978 1164 3011 vidit
1186 2974 1356 3019 Hannon).

345 3038 448 3070 Alios
473 3037 635 3070 aedituos
659 3038 765 3071 habes
788 3047 900 3080 supra
923 3035 970 3070 Ν.
993 3035 1094 3070 5484.
1116 3034 1219 3069 5596.
1242 3031 1339 3067 5747.
1362 3028 1460 3063 4421.
