2092 3360
491 208 607 245 Tituli
631 219 781 255 operum
804 208 1038 253 locorumque
1061 208 1301 254 publicorum.
1325 230 1369 236 -
1396 211 1667 258 Aquaeductus.
1848 215 1931 252 421

334 323 447 370 5767
496 325 539 366 Ρ.
569 325 755 366 Faianius
795 321 1007 381 P[le]beius
1046 324 1141 365 llvir
1176 326 1264 366 iter.
1300 325 1306 381 Ι
1346 340 1487 379 aquam
1528 341 1575 368 ex
1614 324 1738 386 ag[ro]
1775 342 1849 371 suo
1889 331 1932 371 in

219 394 484 447 municipium
511 397 518 447 Ι
544 393 693 434 Forum
713 394 863 434 Novom
886 390 1086 450 [pe]cunia
1106 406 1175 435 sua
1197 395 1357 436 adduxit
1386 394 1391 450 Ι
1420 401 1460 436 et
1482 396 1588 436 lacus
1609 393 1774 455 0m[ne]s
1803 394 1934 455 mecit

219 470 261 503 et
291 462 330 503 in
364 462 556 515 piscinam
594 460 600 516 Ι
638 474 739 514 quae
770 463 810 503 in
843 474 984 515 campo
1014 468 1074 502 est
1102 462 1315 504 saliendam
1352 462 1359 519 Ι
1393 465 1544 505 curavit
1573 464 1757 518 idemque
1786 466 1931 520 proba-

217 531 292 581 vit;
321 529 328 585 Ι
360 538 400 571 et
419 543 508 571 cum
531 531 714 571 venditor
734 530 827 578 soli,
858 530 897 570 in
922 542 1000 583 quo
1021 529 1209 572 balneum
1230 538 1290 572 est
1314 529 1321 587 Ι
1347 544 1486 585 parum
1509 533 1675 574 cavisset
1694 535 1863 587 emptori
1884 536 1933 576 de

217 612 320 652 aqua
348 596 354 653 Ι
381 605 424 640 ut
453 606 588 652 posset
617 599 656 639 in
690 598 833 639 balneo
863 598 999 647 fluere,
1034 597 1040 654 Ι
1076 612 1218 652 aquam
1248 612 1358 641 suam
1389 600 1429 640 in
1462 600 1500 640 id
1522 600 1709 642 balneum
1741 615 1793 643 ne
1823 615 1932 644 care·

221 674 312 708 rent
337 665 344 722 Ι
370 667 581 708 commodo
613 667 834 720 municipes
860 665 867 721 Ι
895 666 936 706 Ρ.
958 666 1144 708 Faianius
1176 668 1357 709 Plebeius
1387 668 1506 708 dedit.

330 734 424 769 Fori
447 734 542 768 Νουί
559 734 766 779 (Vescovio)
790 735 830 767 in
855 733 1002 767 Sabinis
1026 733 1094 775 (IX
1113 734 1199 768 4786
1228 745 1316 777 pars
1337 736 1497 768 intuenti
1521 735 1652 769 deoetra
1676 738 1729 770 bis
1753 738 1933 782 descripta

217 804 308 825 sanc.
327 792 426 827 XVI.
450 794 601 824 sinisera
625 791 732 824 semel
754 802 845 824 saec.
862 790 966 825 XIX:
990 793 1190 832 composuit
1214 791 1437 834 Mommsen).

332 861 447 907 5768
496 862 535 903 C.
557 862 731 903 Sennius
751 862 792 902 C.
815 863 842 901 f.
866 862 948 902 Vol.
971 861 1141 902 Sabinus
1170 862 1294 914 praef.
1326 862 1425 902 fabr.
1454 860 1460 908 Ι
1487 862 1699 912 balineum,
1733 877 1932 917 campum,

218 932 408 985 porticus,
439 934 562 984 aquas
592 931 732 982 iusque
758 929 765 985 Ι
792 933 928 970 earum
958 942 1151 982 aquarum
1182 930 1279 973 tubo
1309 930 1599 980 ducendarum,
1631 932 1684 972 ita
1715 938 1758 974 ut
1786 936 1895 974 recte
1922 934 1929 989 Ι

218 1001 418 1053 perfluere
448 999 615 1053 possint,
647 998 793 1039 vicanis
822 997 1136 1039 Albinnensibus
1166 999 1203 1038 d.
1235 1012 1267 1039 s.
1297 999 1335 1039 d.

332 1068 448 1110 Prope
470 1067 602 1100 Albam
625 1067 665 1099 in
689 1065 875 1109 Sapaudia
904 1076 980 1109 rep.
1011 1064 1099 1108 (XII
1121 1066 1207 1099 2494
1230 1064 1437 1106 Hirschfeld
1464 1067 1555 1100 vidit
1584 1070 1750 1111 ectypum
1781 1070 1933 1102 maioris

213 1124 363 1168 partis).
410 1124 525 1158 Aliud
545 1123 745 1163 exemplum
771 1122 926 1156 eiusdem
951 1122 1067 1165 tituli,
1093 1122 1156 1155 sed
1176 1124 1299 1155 minus
1321 1125 1524 1164 integrum,
1550 1126 1601 1156 est
1622 1123 1695 1158 XI!
1713 1125 1816 1160 2495.

331 1204 445 1251 5769
494 1202 684 1261 [Te]rent.
715 1204 880 1245 Cutteus
910 1210 949 1244 et
978 1201 1113 1260 Mai[a]
1154 1203 1162 1253 Ι
1202 1205 1393 1245 Monnula
1424 1206 1508 1246 eius
1539 1219 1617 1246 una
1649 1218 1739 1246 cum
1771 1204 1778 1261 Ι
1820 1204 1871 1263 [T
1872 1203 1931 1263 Je-

216 1275 356 1315 remiis
385 1273 526 1315 Cutteo
547 1272 730 1314 Ianuario
751 1272 936 1313 Considio
964 1270 971 1327 Ι
996 1273 1219 1325 Augustino
1250 1279 1291 1313 et
1319 1273 1519 1314 Feliciano
1553 1270 1660 1329 [fi]lis
1685 1273 1692 1327 Ι
1719 1274 1931 1326 aquagium

216 1356 320 1384 novo
351 1355 472 1395 opere
505 1354 526 1382 a
556 1339 653 1397 sollo
684 1348 908 1382 extructum
938 1342 1020 1382 suis
1049 1341 1369 1394 possessionibus
1396 1340 1402 1397 Ι
1429 1338 1758 1398 εουεῐίῑιιθῐυηΙτ]
1793 1348 1832 1383 et
1861 1342 1932 1382 de-

213 1411 456 1452 dicaverunt.

307 1479 394 1512 Ain·
401 1477 640 1511 Temeno-luent
654 1479 694 1510 in
711 1477 956 1520 Mauretania,
973 1476 1021 1517 cf.
1033 1488 1145 1520 supra
1158 1476 1310 1519 N.4501,
1326 1488 1401 1521 rep.
1418 1477 1526 1521 (VIII
1538 1477 1574 1512 S.
1581 1477 1687 1512 2467!
1703 1478 1795 1511 vidit
1809 1477 1931 1523 Gsell).

330 1558 444 1605 5770
492 1560 537 1600 Τ.
569 1559 701 1599 Flavio
732 1559 778 1599 T.
810 1561 837 1599 f.
869 1560 980 1607 Quir.
1010 1559 1194 1599 Flaviano
1229 1559 1235 1614 Ι
1270 1555 1406 1608 aedili,
1446 1561 1649 1612 quaestori
1679 1560 1885 1612 designato
1922 1559 1930 1616 Ι

218 1628 435 1682 municipio
457 1627 638 1680 Capenae
658 1628 860 1668 foederato
887 1626 894 1682 Ι
919 1628 966 1668 Τ.
983 1627 1139 1668 Flavius
1159 1628 1259 1680 Aug.
1280 1628 1348 1668 lib.
1370 1628 1527 1682 Mytbus
1548 1634 1589 1669 et
1613 1625 1620 1683 Ι
1647 1628 1777 1668 Flavia
1798 1629 1932 1682 Diogis

219 1702 404 1748 parentes
423 1695 503 1736 filio
525 1696 699 1748 piissimo
727 1694 734 1750 Ι
759 1697 943 1737 fecerunt
972 1703 1013 1737 et
1031 1696 1106 1737 sibi
1127 1702 1168 1736 et
1187 1697 1270 1737 suis
1289 1697 1442 1737 libertis
1462 1697 1722 1750 libertabusq.
1750 1697 1756 1750 Ι
1781 1692 1933 1738 utrius-⁶

217 1776 296 1816 que
339 1776 457 1804 sexus
499 1764 773 1817 posterisquae
820 1777 959 1805 eorum
999 1763 1006 1819 Ι
1052 1777 1144 1805 cum
1190 1764 1348 1805 balineo
1390 1773 1429 1805 et
1472 1765 1646 1806 aedificis
1691 1778 1794 1818 quae
1838 1772 1933 1806 sunt

218 1833 352 1872 iuncta
378 1831 386 1886 Ι
412 1845 460 1872 ex
489 1838 659 1884 utraque
688 1839 802 1885 parte
832 1845 947 1873 secus
975 1833 1076 1873 viam
1107 1845 1199 1872 cum
1230 1844 1354 1884 aquae
1380 1831 1388 1885 Ι
1414 1833 1535 1874 ductu
1572 1847 1620 1874 ex
1651 1834 1776 1874 fundo
1808 1833 1931 1874 Cutu—

215 1899 375 1940 leniano
407 1906 447 1940 et
475 1900 634 1953 iugera¹
661 1899 668 1956 Ι
693 1902 778 1954 agri
800 1900 1051 1941 Cutuleniani
1081 1913 1121 1954 p.
1143 1901 1212 1940 m.²
1234 1900 1307 1940 llll
1337 1901 1389 1940 ita
1420 1907 1464 1940 ut
1494 1901 1717 1955 depalatum
1749 1908 1819 1942 est.
1846 1900 1854 1952 Ι
1881 1901 1930 1941 H.

215 1981 268 2009 m.
299 1968 340 2008 h.
372 1981 412 2008 n.
443 1981 475 2009 s.

329 2035 391 2068 Ad
411 2038 564 2069 montem
591 2035 756 2077 Soracte,
785 2037 850 2069 ubi
879 2035 1025 2068 videtur
1053 2034 1167 2075 fuine
1193 2035 1334 2079 Capena
1366 2034 1434 2080 (XI
1454 2036 1550 2071 5932
1585 2039 1639 2069 ter
1661 2039 1848 2079 quatterve
1871 2036 1931 2070 dc-

213 2092 350 2135 scripta
379 2102 470 2125 saec.
496 2091 609 2126 XVII.
632 2090 785 2136 XVIII).
809 2111 854 2117 —
881 2093 915 2135 1)
939 2092 1018 2126 Scr.
1041 2091 1228 2135 iugeribus.
1251 2111 1298 2116 —
1322 2093 1355 2135 2)
1380 2093 1464 2126 Plus
1485 2093 1618 2126 minus.

330 2171 441 2220 5771
492 2173 704 2214 Mummius
733 2173 855 2226 Niger
881 2172 886 2226 Ι
914 2173 1090 2214 Valerius
1120 2173 1315 2225 Vegetus¹
1354 2173 1554 2214 consular.
1593 2170 1600 2227 Ι
1631 2185 1777 2226 aquam
1817 2186 1930 2215 suam

215 2242 488 2294 Vegetianam,
519 2254 620 2294 quae
646 2240 652 2297 Ι
680 2241 857 2282 nascitur
886 2242 926 2282 in
958 2242 1082 2283 fundo
1113 2242 1341 2282 Antoniano
1368 2239 1374 2297 Ι
1407 2242 1553 2282 maiore
1586 2241 1624 2285 P.
1650 2242 1753 2282 Tulli
1785 2242 1929 2283 Varro-

216 2309 304 2350 ῐιίε2
333 2304 448 2350 cum³
476 2322 523 2349 eo
553 2310 655 2361 loco,
682 2308 690 2364 Ι
723 2309 764 2349 in
797 2321 877 2361 quo
907 2309 940 2350 is
970 2310 1061 2350 sons
1089 2315 1150 2350 est
1179 2311 1464 2363 emancipatus,
1495 2306 1636 2367 duxi[t]
1663 2309 1670 2359 Ι
1703 2323 1778 2363 per
1807 2310 1928 2350 millia

215 2390 402 2430 passuum
419 2367 648 2419 VBCCCCL
679 2378 720 2418 in
750 2375 895 2433 villlam
924 2390 1034 2418 suam
1056 2377 1330 2428 Calvisianam,
1362 2391 1463 2430 quae
1494 2385 1553 2419 est
1578 2379 1585 2431 Ι
1611 2378 1660 2418 ad
1690 2391 1812 2430 aquas
1835 2379 1928 2419 Pas-

214 2446 414 2486 serianas⁴
452 2459 558 2495 suas,
597 2443 846 2501 comparaltis
885 2451 925 2486 et
963 2446 1219 2499 emancipatis
1257 2446 1330 2487 sibi
1368 2445 1465 2486 locis
1500 2444 1802 2501 itinerilbusque
1843 2447 1928 2487 eius

215 2526 341 2566 aquae
371 2526 393 2554 a
422 2513 719 2566 possessoribus
745 2511 752 2566 Ι
783 2513 843 2554 sui
875 2514 1067 2566 cuiusque
1097 2515 1231 2563 fundi,
1270 2527 1343 2568 per
1372 2527 1472 2567 quae
1502 2527 1603 2567 aqua
1630 2512 1636 2569 Ι
1670 2527 1703 2555 s.
1733 2515 1781 2555 s.⁶
1810 2515 1928 2554 ducta

215 2588 294 2631 est,
338 2594 411 2635 per
446 2582 693 2623 latitudinem
735 2580 960 2634 structulris
1003 2582 1124 2634 pedes
1163 2582 1321 2631 decem,
1366 2582 1507 2622 fistulis
1551 2595 1624 2635 per
1667 2579 1927 2632 latitudilnem

216 2650 336 2702 pedes
365 2662 455 2699 sex,
496 2663 569 2703 per
597 2651 743 2690 fundos
771 2649 985 2689 Antonian.
1018 2648 1025 2702 Ι
1060 2650 1248 2689 maiorem
1281 2656 1320 2690 et
1349 2650 1616 2690 Antonianum
1650 2651 1792 2691 minor.
1833 2652 1840 2702 Ι
1882 2650 1925 2690 Ρ.

215 2716 318 2758 Tulli
338 2717 527 2758 Varronis
557 2725 598 2759 et
627 2718 867 2758 Baebianum
898 2723 937 2757 et
961 2716 968 2770 Ι
996 2717 1261 2759 Philinianum
1283 2718 1430 2758 Avilei⁰
1460 2717 1664 2758 Commodi
1691 2715 1698 2773 Ι
1723 2724 1763 2759 et
1785 2718 1926 2759 Petro-

217 2785 379 2826 nianum
409 2785 453 2826 Ρ.
485 2786 587 2826 Tulli
617 2786 807 2826 Varronis
840 2785 848 2836 Ι
882 2791 921 2825 et
951 2785 1236 2826 Volsonianum
1267 2786 1444 2826 Herenni
1475 2785 1613 2838 Polybi
1646 2785 1654 2839 Ι
1689 2792 1729 2826 et
1766 2786 1925 2827 Funda-

217 2854 377 2894 nianum
401 2853 591 2894 Caetenni
612 2854 768 2895 Proculi
796 2852 801 2909 Ι
829 2861 868 2894 et
888 2853 1236 2894 Cuttolonianum⁷
1257 2853 1415 2894 Corneli
1435 2853 1590 2894 Latini⁸
1616 2852 1623 2908 Ι
1650 2860 1689 2894 et
1709 2854 1925 2895 Serranum

217 2921 445 2962 inferiorem
477 2922 659 2969 Quintini
693 2922 701 2977 Ι
736 2922 957 2963 Verecundi
988 2928 1027 2961 et
1058 2921 1359 2975 Capitonianum
1392 2921 1561 2961 Pistrani
1596 2920 1603 2975 Ι
1638 2921 1740 2962 Celsi
1778 2929 1817 2962 et
1853 2934 1926 2975 per

217 2989 458 3041 crepidinem
490 2990 721 3034 sinisterior.
751 2988 758 3046 Ι
782 2991 866 3030 viae
897 2989 1077 3042 publicae
1100 2989 1401 3030 Ferentienses⁹
1430 2997 1470 3029 et
1491 2986 1755 3042 Scirpilanum
1775 2989 1924 3030 Pistra-

218 3055 307 3096 niae
337 3056 506 3110 Lepidae
545 3065 584 3098 et
614 3071 687 3111 per
716 3059 814 3099 viam
849 3057 856 3112 Ι
890 3057 1060 3098 Cassiam
1099 3058 1138 3098 in
1170 3057 1299 3098 villam
1330 3057 1584 3098 Calvisianam
1616 3069 1745 3106 suam,
1781 3056 1787 3112 Ι
1829 3057 1922 3098 item

219 3136 293 3176 per
322 3124 400 3166 vias
428 3125 651 3178 limitesque
679 3126 860 3178 publicos
887 3124 893 3180 Ι
919 3139 966 3167 ex
996 3125 1190 3179 permissu
1220 3138 1252 3165 s.
1285 3125 1353 3164 c.¹⁰
