2092 3360
412 170 527 207 Tituli
550 170 800 216 municipales.
817 190 862 196 —
885 170 1002 207 Ostia..
1027 169 1172 207 Portus.
1198 169 1312 206 vicus
1328 169 1575 214 Augustanus.
1762 166 1843 205 557

139 286 204 320 bus
233 282 282 325 cll
308 284 343 319 C.
367 284 394 318 Ι.
417 284 459 319 1..
482 284 574 320 XIV
587 296 624 329 p.
646 286 694 327 4.)
730 304 775 310 -
811 287 845 328 4)
874 285 1034 319 Sedecim
1063 285 1107 318 ab
1139 285 1284 318 aerario
1315 283 1405 328 (sivo
1427 283 1580 317 sedecim
1603 280 1753 322 fuerunt
1785 283 1848 324 qui

139 341 329 384 collegium
362 340 581 383 effecerunt,
616 344 690 375 stvo
722 342 913 385 collegium
942 341 1035 375 iuud
1064 342 1251 375 constabat
1280 352 1327 374 ex
1357 341 1507 374 sedecim
1540 338 1711 383 decuriis)
1742 348 1848 382 prae-

140 401 238 431 terea
273 399 404 442 ignoti.
444 418 490 424 —
530 400 563 442 5)
593 399 774 433 Arkan‘us
811 400 879 439 (sic
913 400 1035 442 potius
1071 398 1276 441 legendum,
1313 406 1420 441 quam
1455 395 1767 439 coniungendum:
1804 395 1847 428 ab

139 456 284 488 aerario
301 457 335 488 et
350 458 467 497 arca).
484 474 530 481 —-
553 457 587 498 6)
612 455 770 489 Liuor-as
792 465 931 489 unarum
956 455 1167 489 substitutas
1191 465 1262 487 esse
1285 454 1458 487 inlocum
1482 453 1639 487 aliarum
1661 461 1848 486 erasarum
1894 454 1898 459 '

137 511 383 554 significatur.

253 623 368 670 6179

283 704 440 746 Salonia
472 703 652 757 Carpime
1060 704 1110 744 Μ.
1142 704 1278 744 Cutius
1307 703 1494 744 Rusticus

286 772 467 814 Saloniae
496 771 672 824 Euterpe
1030 772 1152 812 tibico
1166 775 1250 820 (sic)
1281 772 1331 812 Μ.
1361 772 1399 812 d.
1430 784 1483 812 m.
1514 771 1656 812 Portus

256 840 452 882 sacerdoti
480 840 532 880 M.
553 839 591 880 d.
614 851 665 879 m.
686 839 795 879 Port.
815 839 933 892 Aug.²
1033 840 1149 892 Aug.²
1180 846 1221 880 et
1249 839 1405 880 Traiani
1436 839 1581 880 felicis*

256 916 296 950 et
323 909 483 949 Traiani
512 907 673 956 felicis⁸‚
710 914 901 960 patronae
1031 908 1124 949 fecit
1153 907 1228 949 sibi
1258 914 1298 948 et
1327 907 1463 948 Cutiae
1493 907 1593 948 The-

142 978 196 1019 d.¹
253 989 347 1019 suae
376 976 548 1031 optimae
577 975 681 1016 bene
711 987 870 1016 meren·
1031 976 1148 1016 odote
1178 982 1218 1016 et
1246 975 1398 1016 libertis
1428 975 1546 1016 liber·
1752 974 1818 1014 m.¹

256 1046 286 1086 ti
316 1045 429 1092 fecit,
459 1050 499 1085 et
527 1044 622 1093 sihi,
661 1049 701 1084 et
730 1043 890 1084 Salonio
1029 1044 1183 1097 tabusq.
1215 1044 1423 1097 posterisq.
1453 1055 1616 1084 eorum:

257 1113 452 1162 Hel-meti,
492 1112 653 1154 Salonio
682 1112 824 1161 Dorae,
854 1111 925 1152 Sa·
1030 1125 1121 1166 pars
1152 1112 1310 1153 dimidia
1341 1112 1389 1152 ad
1419 1112 1568 1152 dextra.

257 1182 389 1222 Ioniae
418 1180 575 1222 Tertiae
605 1186 645 1221 et
673 1193 756 1222 eor.
782 1181 877 1220 filis:

257 1263 350 1304 pars
378 1250 536 1290 dimidia
566 1248 770 1290 intrantib.

378 1318 498 1359 laeva.

258 1385 391 1419 Romae
413 1386 498 1419 inde
521 1395 543 1418 a
566 1395 657 1419 saec.
674 1384 762 1419 XVI
766 1410 776 1426 ,
799 1385 863 1419 sed
876 1384 1031 1425 fortasse
1054 1396 1094 1418 eo
1111 1385 1224 1418 allata
1242 1395 1288 1418 ex
1307 1384 1403 1418 Ostia
1428 1383 1483 1417 vel
1507 1394 1553 1416 ea:
1568 1383 1680 1416 Portu
1696 1381 1856 1416 Romano

146 1442 248 1488 (XIV
269 1443 335 1476 408
357 1442 451 1475 vidit
473 1442 644 1483 Hsnun).
678 1460 723 1466 —
763 1443 795 1484 1)
820 1441 851 1475 d.
877 1452 899 1474 a
922 1443 1090 1484 sinistra,
1130 1452 1175 1476 m.
1200 1453 1223 1475 a
1247 1442 1377 1475 dextra
1401 1439 1555 1474 tabulae.
1590 1458 1636 1464 —
1670 1440 1705 1481 2)
1729 1438 1858 1472 Matris

147 1500 252 1533 deum
287 1508 442 1542 magnae
480 1499 610 1532 Portus
643 1499 816 1542 Augusti.
875 1498 1012 1533 Eadem
1048 1502 1098 1532 est
1134 1498 1250 1532 Mater
1286 1498 1390 1531 deum
1428 1496 1720 1539 Transtiberina,
1756 1497 1859 1529 cuius

145 1556 366 1590 sacerdotem
392 1555 583 1590 Ostiensem
607 1556 795 1589 habuimus
819 1566 930 1599 supra
956 1554 1003 1590 N.
1026 1556 1120 1596 4406,
1150 1557 1202 1588 sic
1226 1555 1324 1588 dicta
1349 1555 1393 1588 ab
1420 1553 1649 1597 Ostiensibus,
1680 1553 1777 1596 quod
1802 1550 1859 1586 Ta·-

147 1614 241 1646 beris
261 1614 359 1646 inter
381 1614 521 1646 moenia
546 1612 708 1646 coloniae
731 1615 766 1645 et
783 1613 930 1646 Portum
956 1613 1197 1654 interfluebat.
1220 1630 1266 1637 —
1290 1613 1325 1654 3)
1350 1638 1358 1646 .
1372 1637 1381 1647 .
1395 1637 1404 1646 .
1422 1612 1579 1654 [perflue
1595 1608 1732 1643 Traiani
1750 1608 1858 1643 felicis

147 1674 200 1703 est
220 1671 265 1703 in
284 1672 309 1704 t.
333 1670 522 1704 Por-tunm·
543 1668 633 1703 XIV
648 1670 703 1703 90.

261 1726 316 1760 Βο
336 1729 446 1770 portu
472 1725 639 1767 Ostiensi,
670 1726 839 1760 inchoato
864 1737 886 1759 a
912 1725 1061 1760 Claudio
1085 1729 1121 1759 ot
1142 1724 1364 1768 amplificato
1388 1735 1411 1758 a
1443 1723 1614 1765 Traiano,
1644 1720 1693 1762 cll
1719 1721 1754 1756 C.
1772 1722 1800 1755 1.
1818 1721 1858 1755 J..

147 1782 234 1817 XIV
253 1793 288 1826 p.
303 1784 326 1818 6
349 1782 476 1827 (supra
493 1781 538 1816 N.
554 1782 632 1817 207.
646 1783 770 1824 5797·,·
787 1786 1047 1826 procuratores
1067 1785 1195 1826 portus
1218 1782 1406 1824 utriusque
1427 1780 1597 1814 Ostiensis
1620 1779 1726 1812 habes
1749 1788 1860 1822 supra

148 1839 194 1874 N.
218 1839 318 1874 4455.
341 1840 435 1875 4555
439 1848 454 1883 ,·
478 1838 526 1880 cll
549 1838 709 1883 Ν.572).

263 1950 380 1998 6180
437 1954 474 1993 d.
504 1966 556 1993 m.
583 1951 590 2008 Ι
621 1953 665 1993 L.
696 1953 810 1993 Arrio
841 1953 1033 1993 Vitaliano
1063 1953 1147 1993 dec.
1175 1950 1181 2007 Ι
1208 1952 1323 1992 Laur.
1353 1952 1439 1992 vico
1470 1952 1663 2003 August.¹‚
1702 1948 1860 2005 Illllvir.

152 2021 308 2063 eiudem
337 2021 435 2069 loci,
463 2019 469 2076 Ι
497 2028 647 2074 quaest.
678 2033 773 2069 aer„
803 2017 984 2076 flamstm]
1007 2051 1017 2061 .
1040 2051 1049 2061 .
1073 2051 1097 2069 .‚
1123 2019 1129 2074 Ι
1157 2020 1225 2072 qui
1256 2020 1329 2059 vix.
1351 2015 1494 2076 anni[s]
1517 2049 1527 2058 .
1550 2049 1560 2059 .
1583 2049 1592 2059 .
1623 2016 1804 2074 menlsib.
1826 2017 1862 2058 X

151 2087 779 2143 dieb....fl...ianus1...

270 2168 389 2201 ostiae
413 2167 522 2212 (XIV
535 2167 602 2202 504
626 2167 730 2211 vidi).
762 2187 807 2192 —
839 2168 871 2209 1)
895 2166 1095 2200 Dee-uriom·
1118 2165 1355 2200 Laurentium
1378 2167 1458 2200 vico
1482 2166 1709 2208 Augustam.
1755 2164 1862 2198 Eius-

153 2225 232 2259 dem
265 2227 337 2258 vici
373 2224 582 2258 decuriones
616 2227 651 2257 ot
683 2226 918 2267 magistratus
951 2225 992 2256 in
1021 2222 1146 2256 multis
1181 2222 1265 2256 aliis
1297 2223 1594 2266 inscriptionibus
1632 2221 1860 2263 Ostiensibus,

155 2280 202 2322 cf.
218 2291 331 2325 supra
347 2280 393 2316 N.
407 2281 501 2316 6444.
516 2281 612 2315 6449.
625 2281 712 2315 6450
721 2293 735 2322 ,·
772 2280 808 2315 C.
824 2280 852 2314 1.
868 2279 910 2314 Ι..
935 2278 1027 2313 XIV
1037 2289 1076 2322 p.
1092 2278 1171 2314 485.
1218 2279 1319 2313 Situs
1342 2277 1417 2319 suit
1438 2280 1535 2312 inter
1553 2278 1686 2312 Ostiam
1702 2281 1736 2311 ot
1750 2277 1859 2311 Lavi-

153 2340 272 2380 nium,
297 2340 383 2371 teste
406 2338 511 2371 titulo
534 2347 646 2381 supra
670 2336 716 2371 N.
738 2338 839 2372 4554.

270 2587 523 2632 Inscn‘ptionos
555 2587 730 2620 Ostienses
760 2586 865 2619 habes
896 2587 1004 2619 otiam
1031 2595 1144 2629 supra
1175 2584 1220 2619 N.
1243 2585 1325 2620 554.
1353 2585 1434 2619 572.
1466 2584 1541 2618 608.
1564 2583 1640 2616 645.
1661 2583 1736 2617 687.
1759 2582 1861 2618 4292.

156 2645 257 2680 4427.
290 2645 391 2679 4428.
424 2644 522 2678 4429.
556 2643 654 2678 4454.
689 2643 789 2676 4455.
826 2642 924 2676 4442.
963 2642 1058 2676 4484.
1094 2642 1195 2677 4582.
1234 2641 1332 2675 4590.
1370 2641 1464 2675 4640.
1502 2639 1597 2674 4946.
1632 2638 1728 2673 4984.
1763 2639 1863 2675 2064.

156 2701 257 2735 2454.
287 2701 391 2735 2455.
417 2701 516 2735 2464.
552 2700 650 2734 2470.
685 2699 786 2733 2247.
821 2699 919 2733 2744.
953 2699 1055 2733 5005.
1089 2699 1192 2733 5026.
1226 2698 1330 2732 5299.
1365 2698 1471 2732 5585.
1505 2695 1602 2730 5776.
1637 2695 1863 2731 4444-4445.

157 2757 257 2792 4455.
291 2757 385 2792 4444.
419 2757 518 2792 4455.
552 2757 650 2791 4462.
685 2755 782 2790 4475.
821 2755 914 2789 4476.
949 2755 1049 2788 4200.
1083 2755 1182 2788 4204.
1219 2754 1322 2787 4242.
1357 2753 1459 2787 4245.
1497 2753 1598 2786 4227.
1631 2753 1732 2787 4265.
1765 2754 1862 2788 4569.

157 2814 260 2848 4575.
282 2814 376 2848 4406.
397 2814 506 2848 5255.
529 2814 633 2848 5595.
656 2813 755 2847 5454.
776 2812 879 2853 5694,
906 2810 998 2844 altae
1014 2811 1178 2844 dabimus
1201 2808 1302 2850 infra
1326 2811 1423 2842 inter·
1444 2808 1660 2852 sepulcrales
1675 2810 1864 2854 vulgum,-

158 2869 368 2904 Parmos
391 2871 498 2904 habes
520 2880 631 2914 supra
648 2869 694 2903 N.
704 2869 782 2903 207.
806 2869 887 2903 559.
911 2869 989 2902 805.
1014 2867 1123 2901 2225.
1147 2866 1252 2901 2855.
1276 2866 1379 2901 5429.
1403 2867 1500 2900 4294.
1523 2865 1621 2899 4402.
1645 2867 1743 2900 4405.
1765 2867 1864 2902 5465.
