2092 3360
186 143 266 182 316
924 137 1045 183 Caput
1066 137 1152 173 XII.

299 257 411 304 5170
554 255 705 295 Maroni
736 254 897 294 alumno
934 250 940 306 Ι
975 252 1017 293 C.
1050 252 1287 305 Calpurnius
1319 252 1325 304 Ι
1359 252 1521 293 Lausus.
1549 251 1556 306 Ι

471 323 640 364 Domino
673 322 840 362 dilectus
873 333 1035 373 quoquo
1066 321 1154 367 iret,
1186 333 1343 373 semper
1368 319 1374 375 Ι
1401 332 1546 370 comes,
1574 317 1580 375 Ι

470 390 625 443 poculi¹
666 389 859 439 minister,
889 387 894 442 Ι
929 389 1070 429 doctus
1100 388 1317 441 palaestrae
1347 400 1460 441 puer,
1488 387 1494 442 Ι

470 471 592 511 eques
619 455 624 511 Ι
651 458 832 510 sepultus
862 457 927 497 hic
956 470 1043 498 sum
1076 454 1205 511 naltus
1234 469 1362 497 annos
1392 462 1481 497 octo
1513 462 1552 496 et
1577 455 1583 511 Ι
1611 455 1760 496 decem.

295 538 488 572 Beneventi
514 535 581 577 (IX
601 535 687 570 4880
712 537 766 569 bis
790 536 971 579 descripta
995 546 1085 569 saec.
1103 534 1217 570 XVII.
1264 534 1460 568 Buecheler
1484 544 1594 568 carm.
1619 545 1671 578 ep.
1694 545 1729 569 n.
1746 534 1829 576 400,·
1852 534 1896 569 de

183 596 279 628 vitiis
304 595 476 627 carminis
500 591 547 632 cf.
572 592 767 626 Buecheler
792 593 812 627 l.
832 595 891 633 c.).
917 611 960 617 —
988 593 1019 634 1)
1045 592 1135 626 oculi
1156 592 1313 630 alterum
1335 592 1601 635 apographum.

295 696 404 742 5171
465 698 509 738 L.
542 697 749 738 Cornelius
777 696 781 751 Ι
808 698 972 745 Pothus,
1004 697 1179 750 palaest.¹
1206 695 1212 752 Ι
1240 697 1404 749 Hospita
1434 697 1460 736 l.

297 764 410 798 Roma
442 765 668 798 Florentiam
700 765 812 798 allata
844 765 914 805 (Vl
936 764 1046 799 40452
1077 764 1168 797 vidit
1191 764 1405 808 Bormann).
1435 783 1481 789 —
1519 765 1551 806 1)
1581 763 1683 796 Hunc
1706 766 1741 796 et
1763 763 1895 796 similes

176 823 413 866 palaestritas
431 823 664 865 privatorum
687 821 744 854 vel
771 823 880 855 etiam
906 821 1069 855 Caesaris
1092 832 1213 855 servos
1235 821 1376 865 publice
1397 821 1574 864 prodiisse
1594 821 1741 853 minime
1761 822 1895 863 poterit

180 881 305 913 statui.

295 981 408 1028 5172
467 983 534 1035 qui
566 983 693 1023 colitis
715 982 885 1036 Cybelen
918 989 957 1022 et
987 983 1055 1034 qui
1085 982 1239 1035 Phryga
1270 982 1456 1035 plangitis
1487 982 1631 1031 Attin1,
1659 979 1666 1035 Ι

527 1050 619 1091 dum
650 1057 763 1091 vacat
793 1057 832 1091 et
861 1051 979 1091 tacita
1001 1050 1194 1104 Dindyma
1226 1057 1344 1090 nocte
1375 1050 1505 1098 silent,
1535 1048 1540 1104 Ι

469 1120 559 1159 flete
589 1131 699 1159 meos
730 1119 903 1168 cineres;
950 1122 1031 1159 non
1062 1125 1122 1159 est
1150 1119 1304 1159 alienus
1334 1119 1373 1159 in
1405 1119 1480 1159 illis
1508 1116 1513 1172 Ι

524 1187 672 1228 Hector
702 1193 742 1227 et
770 1187 848 1227 hoc
877 1188 1030 1227 tumulo
1061 1187 1268 1240 Mygdonis
1297 1186 1438 1227 umbra
1469 1187 1613 1238 tegor.²
1638 1186 1644 1241 Ι

474 1256 544 1296 llle
575 1268 647 1309 ego
685 1256 752 1308 qui
782 1255 914 1308 magni
946 1268 1088 1308 parvus
1119 1255 1370 1308 cognominis
1400 1251 1568 1306 heres²1

525 1336 693 1377 corpore
724 1324 764 1364 in
797 1325 939 1377 exiguo
970 1336 1033 1364 res
1064 1327 1273 1364 numerosa
1303 1324 1372 1372 fui,
1401 1325 1406 1374 Ι

468 1393 627 1433 flectere
657 1393 797 1433 doctus
828 1405 966 1445 equos,
997 1391 1118 1431 nitida
1148 1398 1299 1432 certare
1330 1391 1534 1444 palaestra,
1562 1388 1567 1445 Ι

526 1461 629 1500 ferre
659 1461 782 1508 iocos,
814 1467 900 1501 astu
930 1460 1076 1509 fallere,
1109 1472 1225 1500 nosse
1255 1460 1383 1499 iidem.
1413 1458 1418 1514 Ι

466 1528 516 1567 At
546 1527 616 1567 tibi
647 1529 743 1568 dent
771 1529 918 1581 superi,
950 1534 1156 1580 quantum,
1186 1528 1419 1577 Domitilla³‚
1452 1528 1614 1568 mereris
1641 1525 1647 1582 Ι

525 1609 626 1648 quae
657 1597 752 1638 sacis
782 1597 921 1648 exigua
953 1609 1003 1636 ne
1033 1596 1229 1637 iaceamus
1260 1596 1393 1637 humo.

293 1673 422 1707 Romae
458 1675 543 1707 olim
575 1674 624 1707 ad
652 1677 747 1707 viam
777 1676 951 1718 Appiam,
985 1685 1083 1708 nunc
1117 1676 1157 1707 in
1188 1675 1329 1717 palatio
1363 1674 1604 1708 Albaniorum
1639 1675 1687 1709 ad
1717 1679 1893 1718 quattuor

178 1730 298 1771 fontes
315 1731 336 1774 (
334 1730 370 1764 V
367 1731 388 1764 1
400 1731 509 1765 40098
526 1730 573 1771 cf.
584 1742 623 1775 p.
641 1732 727 1766 5494
755 1731 1021 1774 descripserunt
1039 1732 1178 1775 primus
1194 1732 1411 1774 Pomponius
1424 1731 1567 1774 Laetus,
1591 1742 1708 1775 nuper
1732 1732 1774 1766 de
1792 1732 1894 1766 Rossi

178 1788 322 1830 aliique.
370 1787 563 1821 Buecheler
588 1799 698 1822 cam.
723 1789 837 1831 epigr.
862 1787 976 1831 4440).
993 1807 1038 1812 -
1067 1790 1098 1828 1)
1123 1787 1345 1830 Adloquitur
1369 1786 1560 1827 defunctus
1584 1788 1739 1823 cultores
1762 1790 1892 1825 Matris

179 1845 282 1878 deum
307 1848 340 1878 et
362 1845 471 1886 Attis,
496 1846 592 1878 inter
616 1856 704 1888 quos
728 1847 763 1877 et
785 1847 861 1888 ipse
882 1843 996 1884 luisse
1019 1845 1204 1887 putandus
1229 1847 1281 1877 est
1304 1847 1339 1877 et
1363 1846 1426 1887 qui
1449 1843 1605 1885 fortasse
1634 1857 1674 1880 eo
1698 1845 1778 1887 fere
1801 1847 1891 1891 loco,

177 1903 239 1935 ubi
263 1902 355 1945 lapis
380 1901 530 1945 prodiit,
564 1902 755 1934 convenire
778 1902 959 1942 solebant,·
997 1903 1090 1934 certe
1118 1912 1223 1934 sacra
1249 1901 1423 1944 quaedam
1446 1902 1580 1936 Matris
1608 1903 1710 1937 deum
1740 1907 1890 1948 quotan-

177 1960 234 1992 nis
269 1960 309 1992 in
337 1958 488 1992 Almone
516 1959 628 1999 fluvio
660 1957 726 2002 (cf.
757 1957 975 2001 Marquardt
1003 1957 1234 1991 staatsverw.
1260 1957 1336 1990 1112
1355 1969 1394 2001 p.
1408 1959 1495 2003 573)
1530 1962 1811 2003 peragebantur.
1845 1981 1890 1988 —

177 2017 211 2058 2)
236 2016 420 2048 Hectorem
451 2017 594 2049 nomine
623 2013 738 2055 fuisse
768 2015 1033 2058 oriundumque
1057 2026 1076 2046 e
1098 2015 1260 2059 Phrygia
1283 2025 1321 2047 se
1343 2015 1541 2058 significat.
1558 2035 1618 2043 —-
1640 2018 1673 2060 3)
1701 2017 1890 2053 Domitilla

177 2071 332 2112 fortasse
356 2072 502 2113 Flavia,
535 2083 633 2106 uxor
655 2072 779 2105 Flavii
804 2072 988 2105 Clementis
1021 2071 1178 2105 consulis
1209 2083 1241 2106 a.
1265 2073 1321 2112 95,
1354 2075 1457 2106 cuius
1485 2073 1640 2116 praedia
1664 2076 1771 2108 iuxta
1794 2077 1890 2110 viam

177 2130 335 2172 Appiam
361 2133 394 2162 el
417 2129 656 2162 Ardentinam
681 2131 866 2161 notissima
891 2131 976 2161 sunt
1000 2127 1159 2169 (Buech.,
1184 2128 1331 2172 Huela).

292 2239 402 2285 5173
508 2239 647 2289 Ursus,
677 2241 855 2292 togatus¹
891 2239 1013 2280 vitrea
1045 2243 1114 2293 qui
1144 2244 1296 2294 primus
1324 2242 1401 2294 pila
1429 2240 1435 2295 Ι

508 2308 584 2348 lusi
615 2308 804 2348 decenter
834 2320 923 2348 cum
953 2311 1051 2349 meis
1080 2309 1292 2357 lusoribus,
1321 2307 1326 2364 Ι

508 2375 692 2416 laudante
723 2376 871 2429 populo
903 2376 1080 2417 maximis
1110 2377 1358 2427 clamoribus,
1387 2375 1392 2433 Ι

507 2444 672 2485 thermis
703 2444 875 2484 Traiiani
901 2450 1000 2494 (sic),
1032 2445 1196 2486 thermis
1227 2446 1424 2499 Agrippae
1455 2453 1493 2487 et
1523 2447 1613 2498 Titi,
1640 2445 1647 2503 Ι

509 2513 675 2554 multum
708 2518 746 2553 et
775 2512 958 2561 Neronis,
993 2513 1026 2553 si
1056 2520 1187 2554 tamen
1220 2514 1315 2554 mihi
1345 2515 1517 2564 creditis,
1544 2516 1552 2568 Ι

507 2593 579 2634 ego
612 2593 713 2623 sum.
774 2581 946 2622 Ovantes
977 2586 1186 2623 convenite
1215 2583 1420 2636 pilicrepi²
1445 2581 1451 2638 Ι

508 2654 757 2701 statuamque
788 2650 901 2690 amici
931 2650 1095 2691 floribus
1126 2650 1237 2691 violis
1267 2654 1367 2692 rosis
1394 2649 1399 2706 Ι

506 2717 680 2769 folioque
710 2718 833 2758 multo
864 2719 991 2771 adque
1020 2721 1226 2770 unguento
1257 2719 1430 2759 marcido
1456 2719 1463 2774 Ι

509 2788 670 2825 onerate
700 2788 875 2826 amantes
905 2793 944 2826 et
973 2798 1126 2827 merum
1157 2786 1386 2839 profundite
1412 2785 1418 2840 Ι

509 2854 668 2906 nigrum
699 2854 911 2894 Falernum
941 2861 1009 2895 aut
1039 2854 1219 2895 Setinum
1249 2862 1316 2895 aut
1345 2853 1582 2903 Caecubum,
1609 2851 1615 2909 Ι

504 2922 589 2962 νὶνό
621 2935 666 2962 ac
695 2922 843 2962 volenti
873 2923 921 2963 de
951 2923 1140 2975 apotheca
1170 2922 1400 2971 dominica⁸‚
1429 2920 1434 2977 Ι

507 2989 731 3042 Ursumque
761 2991 890 3031 canite
921 2994 1016 3031 voce
1047 2991 1236 3031 concordi
1266 3002 1402 3031 senem
1428 2989 1435 3045 Ι

508 3057 684 3106 hilarem,
716 3058 907 3111 iocosum,
939 3059 1186 3112 pilicrepum,
1222 3058 1512 3107 scholasticum,
1539 3057 1545 3114 Ι
