<?xml version="1.0" encoding="UTF-8"?>
<!DOCTYPE html PUBLIC "-//W3C//DTD XHTML 1.0 Transitional//EN"
    "http://www.w3.org/TR/xhtml1/DTD/xhtml1-transitional.dtd">
<html xmlns="http://www.w3.org/1999/xhtml" xml:lang="en" lang="en">
 <head>
  <title>
</title>
<meta http-equiv="Content-Type" content="text/html;charset=utf-8" />
  <meta name='ocr-system' content='tesseract 3.04.00' />
  <meta name='ocr-capabilities' content='ocr_page ocr_carea ocr_par ocr_line ocrx_word'/>
</head>
<body>
  <div class='ocr_page' id='page_1' title='image "./inscriptioneslat21dessuoft_0255.png"; bbox 0 0 2092 3360; ppageno 0'>
   <div class='ocr_carea' id='block_1_1' title="bbox 134 161 1841 208">
    <p class='ocr_par' dir='ltr' id='par_1_1' title="bbox 134 161 1841 208">
     <span class='ocr_line' id='line_1_1' title="bbox 134 161 1841 208; baseline -0.001 -8"><span class='ocrx_word' id='word_1_1' title='bbox 134 162 252 200; x_wconf 79' lang='lat' dir='ltr'>Tituli</span> <span class='ocrx_word' id='word_1_2' title='bbox 271 164 369 200; x_wconf 71' lang='lat' dir='ltr'><strong>sacri</strong></span> <span class='ocrx_word' id='word_1_3' title='bbox 384 165 423 200; x_wconf 82' lang='lat' dir='ltr'><strong><em>et</em></strong></span> <span class='ocrx_word' id='word_1_4' title='bbox 438 163 682 200; x_wconf 69' lang='lat' dir='ltr'><strong><em>secerdotum.</em></strong></span> <span class='ocrx_word' id='word_1_5' title='bbox 695 182 740 188; x_wconf 94' lang='lat'>—</span> <span class='ocrx_word' id='word_1_6' title='bbox 756 162 916 199; x_wconf 72' lang='lat' dir='ltr'><strong><em>Numina</em></strong></span> <span class='ocrx_word' id='word_1_7' title='bbox 928 162 1134 199; x_wconf 68' lang='lat' dir='ltr'><strong><em>Delmatiae</em></strong></span> <span class='ocrx_word' id='word_1_8' title='bbox 1146 162 1308 199; x_wconf 65' lang='lat' dir='ltr'><strong><em>Histriae</em></strong></span> <span class='ocrx_word' id='word_1_9' title='bbox 1323 162 1471 199; x_wconf 66' lang='lat' dir='ltr'><strong><em>vellium</em></strong></span> <span class='ocrx_word' id='word_1_10' title='bbox 1483 162 1709 208; x_wconf 73' lang='lat' dir='ltr'><strong><em>Alpinarum.</em></strong></span> <span class='ocrx_word' id='word_1_11' title='bbox 1758 161 1841 199; x_wconf 84' lang='lat'><strong><em>245</em></strong></span> 
     </span>
    </p>
   </div>
   <div class='ocr_carea' id='block_1_2' title="bbox 127 276 1843 447">
    <p class='ocr_par' dir='ltr' id='par_1_2' title="bbox 127 276 1843 447">
     <span class='ocr_line' id='line_1_2' title="bbox 182 276 1263 334; baseline -0.002 -14"><span class='ocrx_word' id='word_1_12' title='bbox 182 287 184 290; x_wconf 82' lang='grc'>’</span> <span class='ocrx_word' id='word_1_13' title='bbox 243 276 359 325; x_wconf 77' lang='grc'>4892</span> <span class='ocrx_word' id='word_1_14' title='bbox 417 279 534 320; x_wconf 82' lang='lat' dir='ltr'><strong><em>Eiae²</em></strong></span> <span class='ocrx_word' id='word_1_15' title='bbox 561 276 567 333; x_wconf 98' lang='grc' dir='ltr'>Ι</span> <span class='ocrx_word' id='word_1_16' title='bbox 593 280 693 331; x_wconf 79' lang='lat' dir='ltr'><strong><em>Aug.</em></strong></span> <span class='ocrx_word' id='word_1_17' title='bbox 719 276 727 332; x_wconf 99' lang='grc' dir='ltr'>Ι</span> <span class='ocrx_word' id='word_1_18' title='bbox 753 281 844 319; x_wconf 82' lang='lat' dir='ltr'><strong><em>Ant.</em></strong></span> <span class='ocrx_word' id='word_1_19' title='bbox 872 277 878 334; x_wconf 88' lang='grc' dir='ltr'>Ι</span> <span class='ocrx_word' id='word_1_20' title='bbox 906 276 1106 334; x_wconf 69' lang='grc' dir='ltr'>δενοΓίΙιιε</span> <span class='ocrx_word' id='word_1_21' title='bbox 1134 276 1140 332; x_wconf 98' lang='grc' dir='ltr'>Ι</span> <span class='ocrx_word' id='word_1_22' title='bbox 1167 292 1199 319; x_wconf 84' lang='grc' dir='ltr'><strong><em>ν.</em></strong></span> <span class='ocrx_word' id='word_1_23' title='bbox 1231 292 1263 319; x_wconf 93' lang='lat' dir='ltr'><strong><em>s.</em></strong></span> 
     </span>
     <span class='ocr_line' id='line_1_3' title="bbox 245 343 1843 388; baseline -0.002 -8"><span class='ocrx_word' id='word_1_24' title='bbox 245 346 351 380; x_wconf 78' lang='lat' dir='ltr'><strong><em>Potae</em></strong></span> <span class='ocrx_word' id='word_1_25' title='bbox 376 347 433 388; x_wconf 89' lang='lat' dir='ltr'><strong><em>(V</em></strong></span> <span class='ocrx_word' id='word_1_26' title='bbox 440 348 465 381; x_wconf 93' lang='grc'>8</span> <span class='ocrx_word' id='word_1_27' title='bbox 488 346 580 380; x_wconf 73' lang='lat' dir='ltr'><strong><em>vidit</em></strong></span> <span class='ocrx_word' id='word_1_28' title='bbox 594 345 818 387; x_wconf 76' lang='lat' dir='ltr'><strong><em>Mommsen).</em></strong></span> <span class='ocrx_word' id='word_1_29' title='bbox 837 364 883 370; x_wconf 97' lang='lat'><strong>—</strong></span> <span class='ocrx_word' id='word_1_30' title='bbox 910 347 942 388; x_wconf 89' lang='lat'><strong><em>1)</em></strong></span> <span class='ocrx_word' id='word_1_31' title='bbox 965 345 1093 379; x_wconf 82' lang='lat' dir='ltr'><strong><em>Eidem</em></strong></span> <span class='ocrx_word' id='word_1_32' title='bbox 1116 348 1259 379; x_wconf 83' lang='lat' dir='ltr'><strong><em>numini</em></strong></span> <span class='ocrx_word' id='word_1_33' title='bbox 1282 345 1446 380; x_wconf 76' lang='lat' dir='ltr'><strong><em>dedicata</em></strong></span> <span class='ocrx_word' id='word_1_34' title='bbox 1471 347 1523 378; x_wconf 69' lang='lat' dir='ltr'><strong><em>est</em></strong></span> <span class='ocrx_word' id='word_1_35' title='bbox 1537 345 1644 378; x_wconf 78' lang='lat' dir='ltr'><strong><em>etiam</em></strong></span> <span class='ocrx_word' id='word_1_36' title='bbox 1660 354 1727 378; x_wconf 81' lang='lat' dir='ltr'><strong><em>ara</em></strong></span> <span class='ocrx_word' id='word_1_37' title='bbox 1744 343 1843 387; x_wconf 83' lang='lat' dir='ltr'><strong><em>apud</em></strong></span> 
     </span>
     <span class='ocr_line' id='line_1_4' title="bbox 127 400 844 447; baseline 0.001 -12"><span class='ocrx_word' id='word_1_38' title='bbox 127 400 337 436; x_wconf 51' lang='lat' dir='ltr'><strong><em>,Nesactium</em></strong></span> <span class='ocrx_word' id='word_1_39' title='bbox 361 403 519 437; x_wconf 59' lang='lat' dir='ltr'><strong><em>Ilien-iae</em></strong></span> <span class='ocrx_word' id='word_1_40' title='bbox 540 413 628 447; x_wconf 69' lang='lat' dir='ltr'><strong><em>rep„</em></strong></span> <span class='ocrx_word' id='word_1_41' title='bbox 653 402 737 435; x_wconf 77' lang='lat' dir='ltr'><strong><em>Pais</em></strong></span> <span class='ocrx_word' id='word_1_42' title='bbox 759 412 794 436; x_wconf 90' lang='lat' dir='ltr'><strong><em>n.</em></strong></span> <span class='ocrx_word' id='word_1_43' title='bbox 811 402 844 436; x_wconf 92' lang='grc'><strong><em>1.</em></strong></span> 
     </span>
    </p>
   </div>
   <div class='ocr_carea' id='block_1_3' title="bbox 139 460 320 465">
    <p class='ocr_par' dir='ltr' id='par_1_3' title="bbox 139 460 320 465">
     <span class='ocr_line' id='line_1_5' title="bbox 139 460 320 465; baseline 0 0"><span class='ocrx_word' id='word_1_44' title='bbox 139 460 320 465; x_wconf 95' lang='lat' dir='ltr'><strong><em> </em></strong></span> 
     </span>
    </p>
   </div>
   <div class='ocr_carea' id='block_1_4' title="bbox 241 492 1786 550">
    <p class='ocr_par' dir='ltr' id='par_1_4' title="bbox 241 492 1786 550">
     <span class='ocr_line' id='line_1_6' title="bbox 241 492 1786 550; baseline -0.003 -15"><span class='ocrx_word' id='word_1_45' title='bbox 241 492 357 539; x_wconf 77' lang='grc'>4893</span> <span class='ocrx_word' id='word_1_46' title='bbox 413 494 638 535; x_wconf 85' lang='lat' dir='ltr'><strong><em>Euancelus</em></strong></span> <span class='ocrx_word' id='word_1_47' title='bbox 656 500 740 539; x_wconf 78' lang='lat' dir='ltr'><strong><em>(eie)</em></strong></span> <span class='ocrx_word' id='word_1_48' title='bbox 768 492 774 548; x_wconf 98' lang='grc' dir='ltr'>Ι</span> <span class='ocrx_word' id='word_1_49' title='bbox 801 494 1036 534; x_wconf 78' lang='lat' dir='ltr'><strong><em>colonorum</em></strong></span> <span class='ocrx_word' id='word_1_50' title='bbox 1062 494 1068 550; x_wconf 96' lang='grc' dir='ltr'>Ι</span> <span class='ocrx_word' id='word_1_51' title='bbox 1097 495 1324 536; x_wconf 87' lang='lat' dir='ltr'><strong><em>Polensium</em></strong></span> <span class='ocrx_word' id='word_1_52' title='bbox 1351 492 1357 547; x_wconf 98' lang='grc' dir='ltr'>Ι</span> <span class='ocrx_word' id='word_1_53' title='bbox 1383 494 1544 534; x_wconf 85' lang='lat' dir='ltr'><strong><em>Boriae¹</em></strong></span> <span class='ocrx_word' id='word_1_54' title='bbox 1576 506 1611 533; x_wconf 79' lang='grc' dir='ltr'><strong><em>ν.</em></strong></span> <span class='ocrx_word' id='word_1_55' title='bbox 1634 505 1665 533; x_wconf 89' lang='lat' dir='ltr'><strong><em>s.</em></strong></span> <span class='ocrx_word' id='word_1_56' title='bbox 1687 492 1712 532; x_wconf 86' lang='grc' dir='ltr'><strong><em>Ι.</em></strong></span> <span class='ocrx_word' id='word_1_57' title='bbox 1733 503 1786 531; x_wconf 93' lang='lat' dir='ltr'><strong><em>m.</em></strong></span> 
     </span>
    </p>
   </div>
   <div class='ocr_carea' id='block_1_5' title="bbox 128 558 1845 720">
    <p class='ocr_par' dir='ltr' id='par_1_5' title="bbox 128 558 1845 720">
     <span class='ocr_line' id='line_1_7' title="bbox 243 558 1843 606; baseline -0.003 -11"><span class='ocrx_word' id='word_1_58' title='bbox 243 561 350 595; x_wconf 76' lang='lat' dir='ltr'><strong><em>Polae</em></strong></span> <span class='ocrx_word' id='word_1_59' title='bbox 375 561 429 605; x_wconf 85' lang='lat' dir='ltr'><strong><em>(V</em></strong></span> <span class='ocrx_word' id='word_1_60' title='bbox 439 561 462 595; x_wconf 91' lang='grc'><strong><em>7</em></strong></span> <span class='ocrx_word' id='word_1_61' title='bbox 483 562 577 595; x_wconf 77' lang='lat' dir='ltr'><strong><em>vidit</em></strong></span> <span class='ocrx_word' id='word_1_62' title='bbox 591 561 814 606; x_wconf 74' lang='lat' dir='ltr'><strong><em>Mommsen).</em></strong></span> <span class='ocrx_word' id='word_1_63' title='bbox 839 580 884 587; x_wconf 92' lang='lat'>—</span> <span class='ocrx_word' id='word_1_64' title='bbox 911 563 942 604; x_wconf 91' lang='lat'><strong><em>1)</em></strong></span> <span class='ocrx_word' id='word_1_65' title='bbox 967 561 1116 595; x_wconf 71' lang='lat' dir='ltr'><strong><em>Bor-iam</em></strong></span> <span class='ocrx_word' id='word_1_66' title='bbox 1141 561 1267 594; x_wconf 82' lang='lat' dir='ltr'><strong><em>volunt</em></strong></span> <span class='ocrx_word' id='word_1_67' title='bbox 1284 561 1436 595; x_wconf 85' lang='lat' dir='ltr'><strong><em>Boream</em></strong></span> <span class='ocrx_word' id='word_1_68' title='bbox 1460 563 1604 594; x_wconf 84' lang='lat' dir='ltr'><strong><em>ventum</em></strong></span> <span class='ocrx_word' id='word_1_69' title='bbox 1626 558 1843 601; x_wconf 83' lang='lat' dir='ltr'><strong><em>eundemque</em></strong></span> 
     </span>
     <span class='ocr_line' id='line_1_8' title="bbox 129 614 1845 662; baseline -0.003 -11"><span class='ocrx_word' id='word_1_70' title='bbox 129 619 194 661; x_wconf 75' lang='lat' dir='ltr'><strong><em>qui</em></strong></span> <span class='ocrx_word' id='word_1_71' title='bbox 216 618 322 651; x_wconf 70' lang='lat' dir='ltr'><strong><em>hodie</em></strong></span> <span class='ocrx_word' id='word_1_72' title='bbox 341 628 410 661; x_wconf 87' lang='lat' dir='ltr'><strong><em>per</em></strong></span> <span class='ocrx_word' id='word_1_73' title='bbox 432 618 516 652; x_wconf 71' lang='lat' dir='ltr'><strong><em>illae</em></strong></span> <span class='ocrx_word' id='word_1_74' title='bbox 535 621 662 662; x_wconf 70' lang='lat' dir='ltr'><strong><em>partes</em></strong></span> <span class='ocrx_word' id='word_1_75' title='bbox 685 618 824 653; x_wconf 82' lang='lat' dir='ltr'><strong><em>dieitur</em></strong></span> <span class='ocrx_word' id='word_1_76' title='bbox 839 619 936 652; x_wconf 88' lang='lat' dir='ltr'><strong><em>Bora</em></strong></span> <span class='ocrx_word' id='word_1_77' title='bbox 961 618 1085 662; x_wconf 80' lang='lat' dir='ltr'><strong><em>aquilo</em></strong></span> <span class='ocrx_word' id='word_1_78' title='bbox 1107 618 1404 660; x_wconf 47' lang='lat' dir='ltr'><strong><em>violentissimum</em></strong></span> <span class='ocrx_word' id='word_1_79' title='bbox 1427 620 1463 650; x_wconf 76' lang='lat' dir='ltr'><strong><em>et</em></strong></span> <span class='ocrx_word' id='word_1_80' title='bbox 1476 626 1600 650; x_wconf 80' lang='lat' dir='ltr'><strong><em>verum</em></strong></span> <span class='ocrx_word' id='word_1_81' title='bbox 1623 618 1674 648; x_wconf 72' lang='lat' dir='ltr'><strong><em>est</em></strong></span> <span class='ocrx_word' id='word_1_82' title='bbox 1686 614 1845 658; x_wconf 80' lang='lat' dir='ltr'><strong><em>reperiri</em></strong></span> 
     </span>
     <span class='ocr_line' id='line_1_9' title="bbox 128 671 1842 720; baseline -0.002 -13"><span class='ocrx_word' id='word_1_83' title='bbox 128 677 202 708; x_wconf 77' lang='lat' dir='ltr'><strong><em>tam</em></strong></span> <span class='ocrx_word' id='word_1_84' title='bbox 220 675 320 718; x_wconf 82' lang='lat' dir='ltr'><strong><em>apud</em></strong></span> <span class='ocrx_word' id='word_1_85' title='bbox 336 674 490 709; x_wconf 73' lang='lat' dir='ltr'><strong><em>Graecos</em></strong></span> <span class='ocrx_word' id='word_1_86' title='bbox 514 685 621 718; x_wconf 84' lang='lat' dir='ltr'><strong><em>quam</em></strong></span> <span class='ocrx_word' id='word_1_87' title='bbox 646 676 745 719; x_wconf 85' lang='lat' dir='ltr'><strong><em>apud</em></strong></span> <span class='ocrx_word' id='word_1_88' title='bbox 761 675 910 709; x_wconf 68' lang='lat' dir='ltr'><strong><em>Latinos</em></strong></span> <span class='ocrx_word' id='word_1_89' title='bbox 933 677 1114 718; x_wconf 67' lang='lat' dir='ltr'><strong><em>sequior-es</em></strong></span> <span class='ocrx_word' id='word_1_90' title='bbox 1137 673 1276 715; x_wconf 77' lang='lat' dir='ltr'><strong><em>formae</em></strong></span> <span class='ocrx_word' id='word_1_91' title='bbox 1294 674 1454 720; x_wconf 80' lang='grc' dir='ltr'><strong><em>Βορρᾶς</em></strong></span> <span class='ocrx_word' id='word_1_92' title='bbox 1470 676 1506 706; x_wconf 83' lang='lat' dir='ltr'><strong><em>et</em></strong></span> <span class='ocrx_word' id='word_1_93' title='bbox 1521 673 1617 706; x_wconf 90' lang='lat' dir='ltr'><strong><em>Bora</em></strong></span> <span class='ocrx_word' id='word_1_94' title='bbox 1635 671 1842 715; x_wconf 75' lang='lat' dir='ltr'><strong><em>(Momm.)-</em></strong></span> 
     </span>
    </p>
   </div>
   <div class='ocr_carea' id='block_1_6' title="bbox 126 776 1840 902">
    <p class='ocr_par' dir='ltr' id='par_1_6' title="bbox 126 776 1840 902">
     <span class='ocr_line' id='line_1_10' title="bbox 236 776 1840 834; baseline -0.004 -13"><span class='ocrx_word' id='word_1_95' title='bbox 236 776 357 824; x_wconf 79' lang='grc'>’4894</span> <span class='ocrx_word' id='word_1_96' title='bbox 413 780 557 820; x_wconf 85' lang='lat' dir='ltr'><strong>Aninia</strong></span> <span class='ocrx_word' id='word_1_97' title='bbox 588 780 638 820; x_wconf 88' lang='lat' dir='ltr'><strong><em>M.</em></strong></span> <span class='ocrx_word' id='word_1_98' title='bbox 671 780 698 819; x_wconf 83' lang='lat' dir='ltr'><strong><em>f.</em></strong></span> <span class='ocrx_word' id='word_1_99' title='bbox 729 779 870 832; x_wconf 87' lang='lat' dir='ltr'><strong><em>Magna</em></strong></span> <span class='ocrx_word' id='word_1_100' title='bbox 901 786 941 820; x_wconf 85' lang='lat' dir='ltr'><strong><em>et</em></strong></span> <span class='ocrx_word' id='word_1_101' title='bbox 966 776 972 834; x_wconf 98' lang='grc' dir='ltr'>Ι</span> <span class='ocrx_word' id='word_1_102' title='bbox 1000 779 1090 819; x_wconf 88' lang='lat' dir='ltr'><strong><em>Seia</em></strong></span> <span class='ocrx_word' id='word_1_103' title='bbox 1119 778 1228 819; x_wconf 90' lang='lat' dir='ltr'><strong>lonis</strong></span> <span class='ocrx_word' id='word_1_104' title='bbox 1259 783 1298 818; x_wconf 86' lang='lat' dir='ltr'><strong><em>et</em></strong></span> <span class='ocrx_word' id='word_1_105' title='bbox 1327 777 1509 818; x_wconf 85' lang='lat' dir='ltr'><strong><em>Cornelia</em></strong></span> <span class='ocrx_word' id='word_1_106' title='bbox 1539 776 1700 829; x_wconf 82' lang='lat' dir='ltr'>Ephyre</span> <span class='ocrx_word' id='word_1_107' title='bbox 1727 777 1734 826; x_wconf 88' lang='grc' dir='ltr'>Ι</span> <span class='ocrx_word' id='word_1_108' title='bbox 1759 787 1840 815; x_wconf 91' lang='lat' dir='ltr'><strong><em>ma-</em></strong></span> 
     </span>
     <span class='ocr_line' id='line_1_11' title="bbox 126 845 1561 902; baseline -0.001 -14"><span class='ocrx_word' id='word_1_109' title='bbox 126 848 271 900; x_wconf 78' lang='lat' dir='ltr'><strong>gistrae</strong></span> <span class='ocrx_word' id='word_1_110' title='bbox 302 847 345 887; x_wconf 92' lang='lat' dir='ltr'><strong><em>B.</em></strong></span> <span class='ocrx_word' id='word_1_111' title='bbox 377 847 430 887; x_wconf 90' lang='lat' dir='ltr'><strong><em>d.¹</em></strong></span> <span class='ocrx_word' id='word_1_112' title='bbox 456 845 463 902; x_wconf 99' lang='grc' dir='ltr'>Ι</span> <span class='ocrx_word' id='word_1_113' title='bbox 490 847 688 900; x_wconf 85' lang='lat' dir='ltr'><strong><em>porticum</em></strong></span> <span class='ocrx_word' id='word_1_114' title='bbox 719 847 980 888; x_wconf 82' lang='lat' dir='ltr'><strong><em>restituerunt</em></strong></span> <span class='ocrx_word' id='word_1_115' title='bbox 1009 853 1048 887; x_wconf 87' lang='lat' dir='ltr'><strong><em>et</em></strong></span> <span class='ocrx_word' id='word_1_116' title='bbox 1074 845 1079 900; x_wconf 98' lang='grc' dir='ltr'>Ι</span> <span class='ocrx_word' id='word_1_117' title='bbox 1107 845 1323 886; x_wconf 83' lang='lat' dir='ltr'><strong>aediculam</strong></span> <span class='ocrx_word' id='word_1_118' title='bbox 1354 845 1561 887; x_wconf 89' lang='lat' dir='ltr'><strong><em>Fonionis.</em></strong></span> 
     </span>
    </p>
   </div>
   <div class='ocr_carea' id='block_1_7' title="bbox 129 935 1842 1106">
    <p class='ocr_par' dir='ltr' id='par_1_7' title="bbox 129 935 1842 1106">
     <span class='ocr_line' id='line_1_12' title="bbox 240 935 1347 993; baseline -0.003 -14"><span class='ocrx_word' id='word_1_119' title='bbox 240 936 356 983; x_wconf 82' lang='grc'>4895</span> <span class='ocrx_word' id='word_1_120' title='bbox 409 938 580 979; x_wconf 88' lang='lat' dir='ltr'><strong><em>Fonioni</em></strong></span> <span class='ocrx_word' id='word_1_121' title='bbox 607 937 615 993; x_wconf 96' lang='grc' dir='ltr'>Ι</span> <span class='ocrx_word' id='word_1_122' title='bbox 640 950 717 979; x_wconf 84' lang='lat' dir='ltr'><strong><em>sac.</em></strong></span> <span class='ocrx_word' id='word_1_123' title='bbox 745 937 751 991; x_wconf 97' lang='grc' dir='ltr'>Ι</span> <span class='ocrx_word' id='word_1_124' title='bbox 779 938 866 978; x_wconf 91' lang='lat' dir='ltr'><strong><em>Seia</em></strong></span> <span class='ocrx_word' id='word_1_125' title='bbox 896 937 1005 983; x_wconf 84' lang='lat' dir='ltr'><strong><em>Ionis</em></strong></span> <span class='ocrx_word' id='word_1_126' title='bbox 1029 935 1036 991; x_wconf 96' lang='grc' dir='ltr'>Ι</span> <span class='ocrx_word' id='word_1_127' title='bbox 1063 936 1183 989; x_wconf 77' lang='lat' dir='ltr'><strong><em>mag.²</em></strong></span> <span class='ocrx_word' id='word_1_128' title='bbox 1207 935 1215 991; x_wconf 96' lang='grc' dir='ltr'>Ι</span> <span class='ocrx_word' id='word_1_129' title='bbox 1241 937 1278 977; x_wconf 93' lang='lat' dir='ltr'><strong><em>d.</em></strong></span> <span class='ocrx_word' id='word_1_130' title='bbox 1309 937 1347 976; x_wconf 94' lang='lat' dir='ltr'><strong><em>d.</em></strong></span> 
     </span>
     <span class='ocr_line' id='line_1_13' title="bbox 241 1003 1842 1049; baseline -0.003 -10"><span class='ocrx_word' id='word_1_131' title='bbox 241 1006 430 1049; x_wconf 77' lang='lat' dir='ltr'><em>Aquileiae</em></span> <span class='ocrx_word' id='word_1_132' title='bbox 460 1004 515 1049; x_wconf 86' lang='lat' dir='ltr'><strong><em>(V</em></strong></span> <span class='ocrx_word' id='word_1_133' title='bbox 532 1006 609 1039; x_wconf 75' lang='lat'><strong><em>737.</em></strong></span> <span class='ocrx_word' id='word_1_134' title='bbox 630 1005 697 1038; x_wconf 77' lang='lat'><strong><em>758</em></strong></span> <span class='ocrx_word' id='word_1_135' title='bbox 727 1005 815 1038; x_wconf 74' lang='lat' dir='ltr'><strong><em>haec</em></strong></span> <span class='ocrx_word' id='word_1_136' title='bbox 843 1003 966 1047; x_wconf 79' lang='lat' dir='ltr'><strong><em>semel,</em></strong></span> <span class='ocrx_word' id='word_1_137' title='bbox 998 1004 1062 1038; x_wconf 80' lang='lat' dir='ltr'><strong><em>illa</em></strong></span> <span class='ocrx_word' id='word_1_138' title='bbox 1093 1005 1236 1046; x_wconf 71' lang='lat' dir='ltr'><strong><em>saepius</em></strong></span> <span class='ocrx_word' id='word_1_139' title='bbox 1267 1003 1448 1046; x_wconf 80' lang='lat' dir='ltr'><strong><em>descripta</em></strong></span> <span class='ocrx_word' id='word_1_140' title='bbox 1478 1003 1521 1036; x_wconf 82' lang='lat' dir='ltr'><strong><em>ab</em></strong></span> <span class='ocrx_word' id='word_1_141' title='bbox 1553 1003 1760 1036; x_wconf 79' lang='lat' dir='ltr'><strong><em>auctoribus</em></strong></span> <span class='ocrx_word' id='word_1_142' title='bbox 1784 1011 1842 1034; x_wconf 84' lang='lat' dir='ltr'><strong><em>ac-</em></strong></span> 
     </span>
     <span class='ocr_line' id='line_1_14' title="bbox 129 1058 1777 1106; baseline -0.002 -11"><span class='ocrx_word' id='word_1_143' title='bbox 129 1061 298 1106; x_wconf 73' lang='lat' dir='ltr'><strong><em>curatis).</em></strong></span> <span class='ocrx_word' id='word_1_144' title='bbox 312 1080 359 1087; x_wconf 92' lang='lat'><strong>—</strong></span> <span class='ocrx_word' id='word_1_145' title='bbox 386 1064 418 1102; x_wconf 91' lang='lat'><strong><em>1)</em></strong></span> <span class='ocrx_word' id='word_1_146' title='bbox 442 1062 564 1096; x_wconf 85' lang='lat' dir='ltr'><strong><em>Bonae</em></strong></span> <span class='ocrx_word' id='word_1_147' title='bbox 581 1061 676 1095; x_wconf 86' lang='lat' dir='ltr'><strong><em>deae.</em></strong></span> <span class='ocrx_word' id='word_1_148' title='bbox 693 1079 739 1085; x_wconf 93' lang='lat'><strong><em>—-</em></strong></span> <span class='ocrx_word' id='word_1_149' title='bbox 763 1062 797 1103; x_wconf 87' lang='grc'><strong><em>2)</em></strong></span> <span class='ocrx_word' id='word_1_150' title='bbox 814 1060 1006 1103; x_wconf 73' lang='lat' dir='ltr'><strong><em>Magistra,</em></strong></span> <span class='ocrx_word' id='word_1_151' title='bbox 1022 1071 1070 1094; x_wconf 74' lang='lat' dir='ltr'><strong><em>sc.</em></strong></span> <span class='ocrx_word' id='word_1_152' title='bbox 1087 1061 1210 1094; x_wconf 90' lang='lat' dir='ltr'><strong><em>Bonae</em></strong></span> <span class='ocrx_word' id='word_1_153' title='bbox 1227 1060 1322 1093; x_wconf 87' lang='lat' dir='ltr'><strong><em>deae.</em></strong></span> <span class='ocrx_word' id='word_1_154' title='bbox 1355 1059 1409 1100; x_wconf 72' lang='lat' dir='ltr'><strong><em>Cfi</em></strong></span> <span class='ocrx_word' id='word_1_155' title='bbox 1426 1070 1538 1103; x_wconf 76' lang='lat' dir='ltr'><strong><em>supra</em></strong></span> <span class='ocrx_word' id='word_1_156' title='bbox 1554 1058 1599 1092; x_wconf 86' lang='lat' dir='ltr'><strong><em>N.</em></strong></span> <span class='ocrx_word' id='word_1_157' title='bbox 1611 1058 1777 1101; x_wconf 69' lang='lat' dir='ltr'><strong><em>349720q.</em></strong></span> 
     </span>
    </p>
   </div>
   <div class='ocr_carea' id='block_1_8' title="bbox 241 1151 1657 1263">
    <p class='ocr_par' dir='ltr' id='par_1_8' title="bbox 241 1151 1657 1263">
     <span class='ocr_line' id='line_1_15' title="bbox 241 1151 1194 1208; baseline -0.004 -11"><span class='ocrx_word' id='word_1_158' title='bbox 241 1152 355 1199; x_wconf 76' lang='grc'>4890</span> <span class='ocrx_word' id='word_1_159' title='bbox 413 1154 578 1195; x_wconf 87' lang='lat' dir='ltr'><strong>Hostilia</strong></span> <span class='ocrx_word' id='word_1_160' title='bbox 609 1154 650 1194; x_wconf 90' lang='lat' dir='ltr'><strong><em>P.</em></strong></span> <span class='ocrx_word' id='word_1_161' title='bbox 684 1154 710 1193; x_wconf 82' lang='lat' dir='ltr'><strong><em>f.</em></strong></span> <span class='ocrx_word' id='word_1_162' title='bbox 737 1151 744 1208; x_wconf 96' lang='grc' dir='ltr'>Ι</span> <span class='ocrx_word' id='word_1_163' title='bbox 772 1153 920 1194; x_wconf 82' lang='lat' dir='ltr'><strong><em>Serena</em></strong></span> <span class='ocrx_word' id='word_1_164' title='bbox 948 1151 953 1207; x_wconf 96' lang='grc' dir='ltr'>Ι</span> <span class='ocrx_word' id='word_1_165' title='bbox 979 1153 1194 1194; x_wconf 88' lang='lat' dir='ltr'><strong><em>Ludriano.</em></strong></span> 
     </span>
     <span class='ocr_line' id='line_1_16' title="bbox 245 1218 1657 1263; baseline -0.002 -8"><span class='ocrx_word' id='word_1_166' title='bbox 245 1220 417 1263; x_wconf 79' lang='lat' dir='ltr'><strong><em>Calibago</em></strong></span> <span class='ocrx_word' id='word_1_167' title='bbox 440 1222 537 1253; x_wconf 78' lang='lat' dir='ltr'><strong><em>inter</em></strong></span> <span class='ocrx_word' id='word_1_168' title='bbox 557 1220 736 1253; x_wconf 75' lang='lat' dir='ltr'><strong><em>Feltm&#39;am</em></strong></span> <span class='ocrx_word' id='word_1_169' title='bbox 759 1223 794 1253; x_wconf 78' lang='lat' dir='ltr'><strong><em>et</em></strong></span> <span class='ocrx_word' id='word_1_170' title='bbox 816 1220 1006 1254; x_wconf 74' lang='lat' dir='ltr'><em>Bellunum</em></span> <span class='ocrx_word' id='word_1_171' title='bbox 1030 1231 1106 1263; x_wconf 83' lang='lat' dir='ltr'><strong><em>rep.</em></strong></span> <span class='ocrx_word' id='word_1_172' title='bbox 1132 1219 1190 1263; x_wconf 92' lang='lat' dir='ltr'><strong><em>(V</em></strong></span> <span class='ocrx_word' id='word_1_173' title='bbox 1205 1221 1294 1254; x_wconf 81' lang='lat'><strong><em>2066</em></strong></span> <span class='ocrx_word' id='word_1_174' title='bbox 1316 1218 1411 1252; x_wconf 81' lang='lat' dir='ltr'><em>vidit</em></span> <span class='ocrx_word' id='word_1_175' title='bbox 1432 1218 1657 1262; x_wconf 77' lang='lat' dir='ltr'><em>Mommsen).</em></span> 
     </span>
    </p>
   </div>
   <div class='ocr_carea' id='block_1_9' title="bbox 238 1311 1542 1367">
    <p class='ocr_par' dir='ltr' id='par_1_9' title="bbox 238 1311 1542 1367">
     <span class='ocr_line' id='line_1_17' title="bbox 238 1311 1542 1367; baseline -0.001 -15"><span class='ocrx_word' id='word_1_176' title='bbox 238 1311 353 1358; x_wconf 79' lang='grc'>4897</span> <span class='ocrx_word' id='word_1_177' title='bbox 410 1312 652 1353; x_wconf 79' lang='lat' dir='ltr'><strong><em>Alantedoba</em></strong></span> <span class='ocrx_word' id='word_1_178' title='bbox 679 1311 686 1367; x_wconf 94' lang='grc' dir='ltr'>Ι</span> <span class='ocrx_word' id='word_1_179' title='bbox 713 1313 802 1353; x_wconf 86' lang='lat' dir='ltr'>Sex.</span> <span class='ocrx_word' id='word_1_180' title='bbox 825 1313 1032 1354; x_wconf 84' lang='lat' dir='ltr'><strong><em>Cornelius</em></strong></span> <span class='ocrx_word' id='word_1_181' title='bbox 1058 1312 1063 1366; x_wconf 95' lang='grc' dir='ltr'>Ι</span> <span class='ocrx_word' id='word_1_182' title='bbox 1092 1313 1246 1352; x_wconf 90' lang='lat' dir='ltr'><strong>Primus</strong></span> <span class='ocrx_word' id='word_1_183' title='bbox 1273 1311 1279 1366; x_wconf 95' lang='grc' dir='ltr'>Ι</span> <span class='ocrx_word' id='word_1_184' title='bbox 1306 1325 1340 1351; x_wconf 81' lang='lat' dir='ltr'><strong><em>V.</em></strong></span> <span class='ocrx_word' id='word_1_185' title='bbox 1370 1325 1401 1352; x_wconf 94' lang='lat' dir='ltr'><strong><em>s.</em></strong></span> <span class='ocrx_word' id='word_1_186' title='bbox 1432 1312 1457 1351; x_wconf 87' lang='lat' dir='ltr'><strong><em>l.</em></strong></span> <span class='ocrx_word' id='word_1_187' title='bbox 1489 1324 1542 1352; x_wconf 91' lang='lat' dir='ltr'><strong><em>m.</em></strong></span> 
     </span>
    </p>
   </div>
   <div class='ocr_carea' id='block_1_10' title="bbox 125 1378 1842 1481">
    <p class='ocr_par' dir='ltr' id='par_1_10' title="bbox 125 1378 1842 1481">
     <span class='ocr_line' id='line_1_18' title="bbox 241 1378 1842 1424; baseline -0.002 -11"><span class='ocrx_word' id='word_1_188' title='bbox 241 1379 373 1413; x_wconf 70' lang='lat' dir='ltr'><strong><em>Omma·</em></strong></span> <span class='ocrx_word' id='word_1_189' title='bbox 395 1380 434 1412; x_wconf 84' lang='lat' dir='ltr'><strong><em>di</em></strong></span> <span class='ocrx_word' id='word_1_190' title='bbox 455 1381 549 1413; x_wconf 73' lang='lat' dir='ltr'><strong><em>sotto</em></strong></span> <span class='ocrx_word' id='word_1_191' title='bbox 572 1380 613 1412; x_wconf 82' lang='lat' dir='ltr'><strong><em>in</em></strong></span> <span class='ocrx_word' id='word_1_192' title='bbox 636 1390 728 1422; x_wconf 81' lang='lat' dir='ltr'><strong><em>agro</em></strong></span> <span class='ocrx_word' id='word_1_193' title='bbox 747 1380 1012 1414; x_wconf 78' lang='lat' dir='ltr'><strong><em>Camunnorum</em></strong></span> <span class='ocrx_word' id='word_1_194' title='bbox 1029 1379 1118 1424; x_wconf 82' lang='lat' dir='ltr'><strong><em>(Val</em></strong></span> <span class='ocrx_word' id='word_1_195' title='bbox 1135 1378 1343 1423; x_wconf 86' lang='lat' dir='ltr'><strong><em>Camonica)</em></strong></span> <span class='ocrx_word' id='word_1_196' title='bbox 1369 1378 1425 1423; x_wconf 89' lang='lat' dir='ltr'><strong><em>(V</em></strong></span> <span class='ocrx_word' id='word_1_197' title='bbox 1434 1380 1521 1413; x_wconf 77' lang='grc'>4954</span> <span class='ocrx_word' id='word_1_198' title='bbox 1546 1381 1599 1412; x_wconf 74' lang='lat' dir='ltr'><strong><em>bis</em></strong></span> <span class='ocrx_word' id='word_1_199' title='bbox 1622 1378 1679 1411; x_wconf 89' lang='lat' dir='ltr'><strong><em>vel</em></strong></span> <span class='ocrx_word' id='word_1_200' title='bbox 1702 1381 1758 1411; x_wconf 80' lang='lat' dir='ltr'><strong><em>ter</em></strong></span> <span class='ocrx_word' id='word_1_201' title='bbox 1781 1378 1842 1411; x_wconf 85' lang='lat' dir='ltr'><strong><em>de-</em></strong></span> 
     </span>
     <span class='ocr_line' id='line_1_19' title="bbox 125 1435 642 1481; baseline 0 -10"><span class='ocrx_word' id='word_1_202' title='bbox 125 1438 261 1481; x_wconf 74' lang='lat' dir='ltr'><strong><em>scripta</em></strong></span> <span class='ocrx_word' id='word_1_203' title='bbox 285 1447 375 1470; x_wconf 74' lang='lat' dir='ltr'><strong><em>saec.</em></strong></span> <span class='ocrx_word' id='word_1_204' title='bbox 400 1435 505 1480; x_wconf 79' lang='lat' dir='ltr'><strong><em>XVJJ</em></strong></span> <span class='ocrx_word' id='word_1_205' title='bbox 516 1436 642 1475; x_wconf 83' lang='lat' dir='ltr'><em>XVII).</em></span> 
     </span>
    </p>
   </div>
   <div class='ocr_carea' id='block_1_11' title="bbox 237 1527 1838 1584">
    <p class='ocr_par' dir='ltr' id='par_1_11' title="bbox 237 1527 1838 1584">
     <span class='ocr_line' id='line_1_20' title="bbox 237 1527 1838 1584; baseline -0.001 -14"><span class='ocrx_word' id='word_1_206' title='bbox 237 1527 354 1574; x_wconf 84' lang='grc'>4898</span> <span class='ocrx_word' id='word_1_207' title='bbox 411 1529 581 1570; x_wconf 91' lang='lat' dir='ltr'><strong>Cuslano</strong></span> <span class='ocrx_word' id='word_1_208' title='bbox 612 1542 690 1570; x_wconf 87' lang='lat' dir='ltr'><strong><em>sac.</em></strong></span> <span class='ocrx_word' id='word_1_209' title='bbox 718 1528 723 1584; x_wconf 97' lang='grc' dir='ltr'>Ι</span> <span class='ocrx_word' id='word_1_210' title='bbox 751 1529 795 1569; x_wconf 92' lang='lat' dir='ltr'><strong><em>L.</em></strong></span> <span class='ocrx_word' id='word_1_211' title='bbox 819 1530 1001 1570; x_wconf 82' lang='lat' dir='ltr'><strong>Octavius</strong></span> <span class='ocrx_word' id='word_1_212' title='bbox 1028 1527 1034 1584; x_wconf 98' lang='grc' dir='ltr'>Ι</span> <span class='ocrx_word' id='word_1_213' title='bbox 1061 1529 1102 1570; x_wconf 92' lang='lat' dir='ltr'><strong><em>C.</em></strong></span> <span class='ocrx_word' id='word_1_214' title='bbox 1127 1530 1154 1568; x_wconf 86' lang='lat' dir='ltr'><strong><em>f.</em></strong></span> <span class='ocrx_word' id='word_1_215' title='bbox 1176 1529 1353 1578; x_wconf 83' lang='lat' dir='ltr'>Crassus,</span> <span class='ocrx_word' id='word_1_216' title='bbox 1381 1527 1386 1583; x_wconf 96' lang='grc' dir='ltr'>Ι</span> <span class='ocrx_word' id='word_1_217' title='bbox 1413 1529 1457 1569; x_wconf 88' lang='lat' dir='ltr'><strong><em>L.</em></strong></span> <span class='ocrx_word' id='word_1_218' title='bbox 1481 1529 1522 1569; x_wconf 89' lang='lat' dir='ltr'><strong><em>C.</em></strong></span> <span class='ocrx_word' id='word_1_219' title='bbox 1546 1529 1680 1569; x_wconf 87' lang='lat' dir='ltr'><strong>Octavi</strong></span> <span class='ocrx_word' id='word_1_220' title='bbox 1710 1528 1754 1568; x_wconf 93' lang='lat' dir='ltr'><strong><em>L.</em></strong></span> <span class='ocrx_word' id='word_1_221' title='bbox 1777 1528 1805 1568; x_wconf 88' lang='lat' dir='ltr'><strong><em>f.</em></strong></span> <span class='ocrx_word' id='word_1_222' title='bbox 1831 1529 1838 1578; x_wconf 95' lang='grc'>1</span> 
     </span>
    </p>
   </div>
   <div class='ocr_carea' id='block_1_12' title="bbox 124 1595 580 1652">
    <p class='ocr_par' dir='ltr' id='par_1_12' title="bbox 124 1595 580 1652">
     <span class='ocr_line' id='line_1_21' title="bbox 124 1595 580 1652; baseline -0.002 -13"><span class='ocrx_word' id='word_1_223' title='bbox 124 1597 311 1639; x_wconf 81' lang='lat' dir='ltr'>Martialis</span> <span class='ocrx_word' id='word_1_224' title='bbox 342 1604 380 1637; x_wconf 84' lang='lat' dir='ltr'><strong><em>et</em></strong></span> <span class='ocrx_word' id='word_1_225' title='bbox 405 1595 411 1652; x_wconf 98' lang='grc' dir='ltr'>Ι</span> <span class='ocrx_word' id='word_1_226' title='bbox 438 1597 580 1638; x_wconf 81' lang='lat' dir='ltr'><strong>Macer.</strong></span> 
     </span>
    </p>
   </div>
   <div class='ocr_carea' id='block_1_13' title="bbox 130 1663 1840 1765">
    <p class='ocr_par' dir='ltr' id='par_1_13' title="bbox 130 1663 1840 1765">
     <span class='ocr_line' id='line_1_22' title="bbox 239 1663 1840 1708; baseline -0.002 -10"><span class='ocrx_word' id='word_1_227' title='bbox 239 1664 277 1699; x_wconf 87' lang='lat' dir='ltr'><strong><em>S.</em></strong></span> <span class='ocrx_word' id='word_1_228' title='bbox 304 1663 454 1707; x_wconf 78' lang='lat' dir='ltr'><strong><em>Giorgio</em></strong></span> <span class='ocrx_word' id='word_1_229' title='bbox 478 1664 808 1708; x_wconf 81' lang='lat' dir='ltr'><strong><em>Ingannapoltron‚</em></strong></span> <span class='ocrx_word' id='word_1_230' title='bbox 840 1666 880 1698; x_wconf 85' lang='lat' dir='ltr'><strong><em>in</em></strong></span> <span class='ocrx_word' id='word_1_231' title='bbox 904 1675 1004 1708; x_wconf 82' lang='lat' dir='ltr'><strong><em>pago</em></strong></span> <span class='ocrx_word' id='word_1_232' title='bbox 1028 1664 1268 1698; x_wconf 74' lang='lat' dir='ltr'><strong><em>Arusnatium</em></strong></span> <span class='ocrx_word' id='word_1_233' title='bbox 1299 1665 1480 1698; x_wconf 78' lang='lat' dir='ltr'><strong><em>territorii</em></strong></span> <span class='ocrx_word' id='word_1_234' title='bbox 1503 1664 1730 1706; x_wconf 73' lang='lat' dir='ltr'><strong><em>Veronensis,</em></strong></span> <span class='ocrx_word' id='word_1_235' title='bbox 1764 1665 1840 1696; x_wconf 85' lang='lat' dir='ltr'><strong><em>iam</em></strong></span> 
     </span>
     <span class='ocr_line' id='line_1_23' title="bbox 130 1720 839 1765; baseline -0.007 -8"><span class='ocrx_word' id='word_1_236' title='bbox 130 1722 294 1759; x_wconf 79' lang='lat' dir='ltr'><strong><em>Veronae</em></strong></span> <span class='ocrx_word' id='word_1_237' title='bbox 318 1720 369 1764; x_wconf 91' lang='lat' dir='ltr'><strong><em>(V</em></strong></span> <span class='ocrx_word' id='word_1_238' title='bbox 390 1722 483 1756; x_wconf 79' lang='grc'>3898</span> <span class='ocrx_word' id='word_1_239' title='bbox 504 1721 597 1754; x_wconf 76' lang='lat' dir='ltr'><em>vidit</em></span> <span class='ocrx_word' id='word_1_240' title='bbox 618 1721 839 1765; x_wconf 78' lang='lat' dir='ltr'><strong><em>Mommsen).</em></strong></span> 
     </span>
    </p>
   </div>
   <div class='ocr_carea' id='block_1_14' title="bbox 237 1810 1836 1924">
    <p class='ocr_par' dir='ltr' id='par_1_14' title="bbox 237 1810 1836 1924">
     <span class='ocr_line' id='line_1_24' title="bbox 237 1810 1836 1869; baseline -0.004 -10"><span class='ocrx_word' id='word_1_241' title='bbox 237 1811 354 1859; x_wconf 80' lang='grc'>4899</span> <span class='ocrx_word' id='word_1_242' title='bbox 394 1813 474 1853; x_wconf 91' lang='lat' dir='ltr'><strong><em>lovi</em></strong></span> <span class='ocrx_word' id='word_1_243' title='bbox 495 1813 689 1854; x_wconf 86' lang='lat' dir='ltr'><strong><em>Feluenni</em></strong></span> <span class='ocrx_word' id='word_1_244' title='bbox 716 1810 723 1867; x_wconf 97' lang='grc' dir='ltr'>Ι</span> <span class='ocrx_word' id='word_1_245' title='bbox 750 1814 791 1854; x_wconf 89' lang='lat' dir='ltr'><strong><em>P.</em></strong></span> <span class='ocrx_word' id='word_1_246' title='bbox 806 1813 1043 1867; x_wconf 89' lang='lat' dir='ltr'><strong>Calpurnius</strong></span> <span class='ocrx_word' id='word_1_247' title='bbox 1070 1812 1075 1869; x_wconf 96' lang='grc' dir='ltr'>Ι</span> <span class='ocrx_word' id='word_1_248' title='bbox 1104 1814 1310 1855; x_wconf 87' lang='lat' dir='ltr'><strong>Mandatus</strong></span> <span class='ocrx_word' id='word_1_249' title='bbox 1337 1812 1342 1867; x_wconf 98' lang='grc' dir='ltr'>Ι</span> <span class='ocrx_word' id='word_1_250' title='bbox 1368 1820 1396 1854; x_wconf 87' lang='lat' dir='ltr'><strong><em>t.</em></strong></span> <span class='ocrx_word' id='word_1_251' title='bbox 1413 1815 1440 1854; x_wconf 87' lang='lat' dir='ltr'><strong><em>f.</em></strong></span> <span class='ocrx_word' id='word_1_252' title='bbox 1457 1815 1482 1854; x_wconf 84' lang='lat' dir='ltr'><strong><em>i.</em></strong></span> <span class='ocrx_word' id='word_1_253' title='bbox 1510 1811 1516 1867; x_wconf 96' lang='grc' dir='ltr'>Ι</span> <span class='ocrx_word' id='word_1_254' title='bbox 1543 1811 1836 1853; x_wconf 69' lang='lat' dir='ltr'><strong><em>exflsnccc.</em></strong></span> 
     </span>
     <span class='ocr_line' id='line_1_25' title="bbox 238 1879 1751 1924; baseline 0.001 -11"><span class='ocrx_word' id='word_1_255' title='bbox 238 1879 390 1913; x_wconf 81' lang='lat' dir='ltr'><strong><em>Mazane</em></strong></span> <span class='ocrx_word' id='word_1_256' title='bbox 412 1891 523 1923; x_wconf 71' lang='lat' dir='ltr'><strong><em>supra</em></strong></span> <span class='ocrx_word' id='word_1_257' title='bbox 548 1879 766 1923; x_wconf 76' lang='lat' dir='ltr'><strong><em>Negrarium</em></strong></span> <span class='ocrx_word' id='word_1_258' title='bbox 791 1882 830 1913; x_wconf 83' lang='lat' dir='ltr'><strong><em>in</em></strong></span> <span class='ocrx_word' id='word_1_259' title='bbox 853 1891 949 1924; x_wconf 84' lang='lat' dir='ltr'><strong><em>pago</em></strong></span> <span class='ocrx_word' id='word_1_260' title='bbox 973 1881 1213 1914; x_wconf 77' lang='lat' dir='ltr'><strong><em>Arusnatium</em></strong></span> <span class='ocrx_word' id='word_1_261' title='bbox 1238 1880 1290 1924; x_wconf 86' lang='lat' dir='ltr'><strong><em>(V</em></strong></span> <span class='ocrx_word' id='word_1_262' title='bbox 1301 1882 1391 1915; x_wconf 78' lang='lat'><strong><em>5904</em></strong></span> <span class='ocrx_word' id='word_1_263' title='bbox 1415 1880 1508 1913; x_wconf 82' lang='lat' dir='ltr'><em>vidit</em></span> <span class='ocrx_word' id='word_1_264' title='bbox 1530 1879 1751 1924; x_wconf 79' lang='lat' dir='ltr'><strong><em>Mommsen).</em></strong></span> 
     </span>
    </p>
   </div>
   <div class='ocr_carea' id='block_1_15' title="bbox 532 1780 738 1785">
    <p class='ocr_par' dir='ltr' id='par_1_15' title="bbox 532 1780 738 1785">
     <span class='ocr_line' id='line_1_26' title="bbox 532 1780 738 1785; baseline 0 0"><span class='ocrx_word' id='word_1_265' title='bbox 532 1780 738 1785; x_wconf 95' lang='lat' dir='ltr'><strong><em> </em></strong></span> 
     </span>
    </p>
   </div>
   <div class='ocr_carea' id='block_1_16' title="bbox 129 1957 1838 2124">
    <p class='ocr_par' dir='ltr' id='par_1_16' title="bbox 129 1957 1838 2124">
     <span class='ocr_line' id='line_1_27' title="bbox 237 1957 1269 2016; baseline 0 -16"><span class='ocrx_word' id='word_1_266' title='bbox 237 1957 353 2004; x_wconf 78' lang='grc'>4900</span> <span class='ocrx_word' id='word_1_267' title='bbox 410 1961 561 2001; x_wconf 83' lang='lat' dir='ltr'><strong><em>Revino</em></strong></span> <span class='ocrx_word' id='word_1_268' title='bbox 587 1961 594 2016; x_wconf 98' lang='grc' dir='ltr'>Ι</span> <span class='ocrx_word' id='word_1_269' title='bbox 621 1973 719 2002; x_wconf 88' lang='lat' dir='ltr'><strong><em>sacr.</em></strong></span> <span class='ocrx_word' id='word_1_270' title='bbox 748 1958 754 2013; x_wconf 94' lang='grc' dir='ltr'>Ι</span> <span class='ocrx_word' id='word_1_271' title='bbox 780 1961 823 2000; x_wconf 94' lang='grc' dir='ltr'><strong><em>Ρ.</em></strong></span> <span class='ocrx_word' id='word_1_272' title='bbox 855 1961 897 2000; x_wconf 92' lang='grc' dir='ltr'><strong><em>Ρ.</em></strong></span> <span class='ocrx_word' id='word_1_273' title='bbox 929 1961 975 2000; x_wconf 92' lang='lat' dir='ltr'><strong><em>l.¹</em></strong></span> <span class='ocrx_word' id='word_1_274' title='bbox 1001 1961 1007 2016; x_wconf 95' lang='grc' dir='ltr'>Ι</span> <span class='ocrx_word' id='word_1_275' title='bbox 1034 1973 1068 2000; x_wconf 85' lang='lat' dir='ltr'><strong><em>v.</em></strong></span> <span class='ocrx_word' id='word_1_276' title='bbox 1100 1974 1131 2001; x_wconf 92' lang='lat' dir='ltr'><strong><em>s.</em></strong></span> <span class='ocrx_word' id='word_1_277' title='bbox 1163 1962 1187 2000; x_wconf 79' lang='grc' dir='ltr'><strong><em>Ι.</em></strong></span> <span class='ocrx_word' id='word_1_278' title='bbox 1219 1974 1269 2004; x_wconf 89' lang='lat' dir='ltr'><strong><em>m.</em></strong></span> 
     </span>
     <span class='ocr_line' id='line_1_28' title="bbox 244 2026 1838 2071; baseline 0 -11"><span class='ocrx_word' id='word_1_279' title='bbox 244 2026 433 2069; x_wconf 80' lang='lat' dir='ltr'><strong><em>Gargnani</em></strong></span> <span class='ocrx_word' id='word_1_280' title='bbox 467 2027 516 2060; x_wconf 85' lang='lat' dir='ltr'><strong><em>ad</em></strong></span> <span class='ocrx_word' id='word_1_281' title='bbox 545 2027 662 2060; x_wconf 88' lang='lat' dir='ltr'><strong><em>lacum</em></strong></span> <span class='ocrx_word' id='word_1_282' title='bbox 692 2027 874 2060; x_wconf 83' lang='lat' dir='ltr'><strong><em>Benacum</em></strong></span> <span class='ocrx_word' id='word_1_283' title='bbox 904 2027 944 2071; x_wconf 79' lang='lat'><strong><em>(1.</em></strong></span> <span class='ocrx_word' id='word_1_284' title='bbox 969 2028 1008 2061; x_wconf 81' lang='lat' dir='ltr'><strong><em>di</em></strong></span> <span class='ocrx_word' id='word_1_285' title='bbox 1033 2027 1170 2068; x_wconf 71' lang='lat' dir='ltr'><strong><em>Gar-da)</em></strong></span> <span class='ocrx_word' id='word_1_286' title='bbox 1208 2027 1264 2071; x_wconf 91' lang='lat' dir='ltr'><strong><em>(V</em></strong></span> <span class='ocrx_word' id='word_1_287' title='bbox 1288 2027 1374 2060; x_wconf 72' lang='lat'><strong><em>4875</em></strong></span> <span class='ocrx_word' id='word_1_288' title='bbox 1407 2027 1503 2060; x_wconf 78' lang='lat' dir='ltr'><em>vidit</em></span> <span class='ocrx_word' id='word_1_289' title='bbox 1535 2026 1756 2070; x_wconf 70' lang='lat' dir='ltr'><strong><em>Mommsen).</em></strong></span> <span class='ocrx_word' id='word_1_290' title='bbox 1792 2045 1838 2051; x_wconf 94' lang='lat'><strong><em>—-</em></strong></span> 
     </span>
     <span class='ocr_line' id='line_1_29' title="bbox 129 2083 680 2124; baseline -0.002 -7"><span class='ocrx_word' id='word_1_291' title='bbox 129 2084 159 2124; x_wconf 95' lang='lat' dir='ltr'><strong><em>l)</em></strong></span> <span class='ocrx_word' id='word_1_292' title='bbox 183 2083 277 2117; x_wconf 82' lang='lat' dir='ltr'><strong><em>Sunt</em></strong></span> <span class='ocrx_word' id='word_1_293' title='bbox 299 2084 445 2115; x_wconf 78' lang='lat' dir='ltr'><strong><em>nomina</em></strong></span> <span class='ocrx_word' id='word_1_294' title='bbox 469 2083 680 2117; x_wconf 74' lang='lat' dir='ltr'><strong><em>dedicantis.</em></strong></span> 
     </span>
    </p>
   </div>
   <div class='ocr_carea' id='block_1_17' title="bbox 239 2173 1834 2231">
    <p class='ocr_par' dir='ltr' id='par_1_17' title="bbox 239 2173 1834 2231">
     <span class='ocr_line' id='line_1_30' title="bbox 239 2173 1834 2231; baseline 0.001 -17"><span class='ocrx_word' id='word_1_295' title='bbox 239 2173 351 2219; x_wconf 79' lang='grc'>4901</span> <span class='ocrx_word' id='word_1_296' title='bbox 412 2175 501 2215; x_wconf 85' lang='lat' dir='ltr'><strong><em>Sex.</em></strong></span> <span class='ocrx_word' id='word_1_297' title='bbox 523 2175 701 2227; x_wconf 86' lang='lat' dir='ltr'><strong>Nigidius</strong></span> <span class='ocrx_word' id='word_1_298' title='bbox 726 2174 732 2230; x_wconf 97' lang='grc' dir='ltr'>Ι</span> <span class='ocrx_word' id='word_1_299' title='bbox 760 2176 854 2218; x_wconf 86' lang='lat' dir='ltr'><strong><em>Fab.</em></strong></span> <span class='ocrx_word' id='word_1_300' title='bbox 876 2177 1032 2217; x_wconf 87' lang='lat' dir='ltr'><strong><em>Primus</em></strong></span> <span class='ocrx_word' id='word_1_301' title='bbox 1062 2173 1186 2231; x_wconf 69' lang='lat' dir='ltr'><strong><em>aeldil.</em></strong></span> <span class='ocrx_word' id='word_1_302' title='bbox 1207 2176 1327 2226; x_wconf 83' lang='lat' dir='ltr'><strong>Brix.‚</strong></span> <span class='ocrx_word' id='word_1_303' title='bbox 1357 2177 1492 2217; x_wconf 86' lang='lat' dir='ltr'><strong><em>deeur.</em></strong></span> <span class='ocrx_word' id='word_1_304' title='bbox 1519 2174 1526 2231; x_wconf 98' lang='grc' dir='ltr'>Ι</span> <span class='ocrx_word' id='word_1_305' title='bbox 1552 2177 1705 2216; x_wconf 87' lang='lat' dir='ltr'><strong><em>honore</em></strong></span> <span class='ocrx_word' id='word_1_306' title='bbox 1735 2183 1834 2228; x_wconf 88' lang='lat' dir='ltr'><strong><em>grat.</em></strong></span> 
     </span>
    </p>
   </div>
   <div class='ocr_carea' id='block_1_18' title="bbox 124 2242 1338 2298">
    <p class='ocr_par' dir='ltr' id='par_1_18' title="bbox 124 2242 1338 2298">
     <span class='ocr_line' id='line_1_31' title="bbox 124 2242 1338 2298; baseline 0.001 -14"><span class='ocrx_word' id='word_1_307' title='bbox 124 2244 162 2284; x_wconf 92' lang='lat' dir='ltr'><strong><em>d.</em></strong></span> <span class='ocrx_word' id='word_1_308' title='bbox 193 2243 261 2291; x_wconf 88' lang='lat' dir='ltr'><strong><em>d.¹‚</em></strong></span> <span class='ocrx_word' id='word_1_309' title='bbox 288 2242 295 2297; x_wconf 98' lang='grc' dir='ltr'>Ι</span> <span class='ocrx_word' id='word_1_310' title='bbox 322 2255 369 2284; x_wconf 86' lang='lat' dir='ltr'><strong><em>ex</em></strong></span> <span class='ocrx_word' id='word_1_311' title='bbox 398 2243 666 2296; x_wconf 80' lang='lat' dir='ltr'><strong><em>postulatione</em></strong></span> <span class='ocrx_word' id='word_1_312' title='bbox 696 2243 801 2296; x_wconf 88' lang='lat' dir='ltr'><strong><em>pleb.</em></strong></span> <span class='ocrx_word' id='word_1_313' title='bbox 829 2245 836 2295; x_wconf 92' lang='grc' dir='ltr'>Ι</span> <span class='ocrx_word' id='word_1_314' title='bbox 861 2256 966 2284; x_wconf 89' lang='lat' dir='ltr'><strong>aram</strong></span> <span class='ocrx_word' id='word_1_315' title='bbox 998 2244 1182 2298; x_wconf 87' lang='lat' dir='ltr'><strong><em>Bergimo</em></strong></span> <span class='ocrx_word' id='word_1_316' title='bbox 1213 2245 1338 2285; x_wconf 83' lang='lat' dir='ltr'><strong><em>restit.</em></strong></span> 
     </span>
    </p>
   </div>
   <div class='ocr_carea' id='block_1_19' title="bbox 127 2308 1835 2410">
    <p class='ocr_par' dir='ltr' id='par_1_19' title="bbox 127 2308 1835 2410">
     <span class='ocr_line' id='line_1_32' title="bbox 239 2308 1835 2355; baseline 0.001 -13"><span class='ocrx_word' id='word_1_317' title='bbox 239 2310 336 2343; x_wconf 81' lang='lat' dir='ltr'><strong><em>Areo</em></strong></span> <span class='ocrx_word' id='word_1_318' title='bbox 356 2320 471 2353; x_wconf 83' lang='lat' dir='ltr'><strong><em>prope</em></strong></span> <span class='ocrx_word' id='word_1_319' title='bbox 495 2308 623 2343; x_wconf 69' lang='lat' dir='ltr'><strong><em>mnam</em></strong></span> <span class='ocrx_word' id='word_1_320' title='bbox 646 2320 732 2353; x_wconf 71' lang='lat' dir='ltr'><strong><em>rep„</em></strong></span> <span class='ocrx_word' id='word_1_321' title='bbox 756 2313 808 2343; x_wconf 71' lang='lat' dir='ltr'><strong><em>est</em></strong></span> <span class='ocrx_word' id='word_1_322' title='bbox 831 2311 995 2345; x_wconf 83' lang='lat' dir='ltr'><strong><em>Veronae</em></strong></span> <span class='ocrx_word' id='word_1_323' title='bbox 1020 2310 1076 2355; x_wconf 89' lang='lat' dir='ltr'><strong><em>(V</em></strong></span> <span class='ocrx_word' id='word_1_324' title='bbox 1085 2311 1169 2345; x_wconf 90' lang='grc'>4981</span> <span class='ocrx_word' id='word_1_325' title='bbox 1195 2311 1289 2344; x_wconf 79' lang='lat' dir='ltr'><em>vidit</em></span> <span class='ocrx_word' id='word_1_326' title='bbox 1303 2310 1526 2355; x_wconf 74' lang='lat' dir='ltr'><strong><em>Mommsen).</em></strong></span> <span class='ocrx_word' id='word_1_327' title='bbox 1550 2330 1596 2335; x_wconf 93' lang='lat'>—</span> <span class='ocrx_word' id='word_1_328' title='bbox 1624 2313 1654 2352; x_wconf 88' lang='lat' dir='ltr'><strong><em>l)</em></strong></span> <span class='ocrx_word' id='word_1_329' title='bbox 1677 2311 1835 2344; x_wconf 76' lang='lat' dir='ltr'><strong><em>Dec-urio</em></strong></span> 
     </span>
     <span class='ocr_line' id='line_1_33' title="bbox 127 2366 885 2410; baseline 0.001 -10"><span class='ocrx_word' id='word_1_330' title='bbox 127 2367 262 2400; x_wconf 76' lang='lat' dir='ltr'><strong><em>honore</em></strong></span> <span class='ocrx_word' id='word_1_331' title='bbox 282 2368 447 2410; x_wconf 79' lang='lat' dir='ltr'><strong><em>gratuito</em></strong></span> <span class='ocrx_word' id='word_1_332' title='bbox 473 2366 614 2399; x_wconf 80' lang='lat' dir='ltr'><strong><em>decreto</em></strong></span> <span class='ocrx_word' id='word_1_333' title='bbox 639 2367 885 2402; x_wconf 83' lang='lat' dir='ltr'><strong><em>decurionum.</em></strong></span> 
     </span>
    </p>
   </div>
   <div class='ocr_carea' id='block_1_20' title="bbox 124 2456 1835 2651">
    <p class='ocr_par' dir='ltr' id='par_1_20' title="bbox 124 2456 1835 2651">
     <span class='ocr_line' id='line_1_34' title="bbox 236 2456 1835 2515; baseline 0.003 -17"><span class='ocrx_word' id='word_1_334' title='bbox 236 2456 351 2503; x_wconf 78' lang='grc'>4902</span> <span class='ocrx_word' id='word_1_335' title='bbox 409 2459 453 2499; x_wconf 93' lang='lat' dir='ltr'><strong><em>L.</em></strong></span> <span class='ocrx_word' id='word_1_336' title='bbox 476 2459 612 2500; x_wconf 91' lang='lat' dir='ltr'><strong>Vibius</strong></span> <span class='ocrx_word' id='word_1_337' title='bbox 642 2459 766 2500; x_wconf 89' lang='lat' dir='ltr'><strong>Visci¹</strong></span> <span class='ocrx_word' id='word_1_338' title='bbox 798 2459 823 2500; x_wconf 91' lang='lat' dir='ltr'><strong><em>l.</em></strong></span> <span class='ocrx_word' id='word_1_339' title='bbox 854 2461 1152 2514; x_wconf 80' lang='lat' dir='ltr'><strong><em>Nymphodotus</em></strong></span> <span class='ocrx_word' id='word_1_340' title='bbox 1179 2459 1185 2515; x_wconf 96' lang='grc' dir='ltr'>Ι</span> <span class='ocrx_word' id='word_1_341' title='bbox 1211 2461 1394 2514; x_wconf 84' lang='lat' dir='ltr'><strong><em>Bergimo</em></strong></span> <span class='ocrx_word' id='word_1_342' title='bbox 1425 2468 1572 2508; x_wconf 80' lang='lat' dir='ltr'><strong><em>votum,</em></strong></span> <span class='ocrx_word' id='word_1_343' title='bbox 1599 2460 1604 2515; x_wconf 95' lang='grc' dir='ltr'>Ι</span> <span class='ocrx_word' id='word_1_344' title='bbox 1634 2460 1675 2501; x_wconf 89' lang='lat' dir='ltr'><strong><em>C.</em></strong></span> <span class='ocrx_word' id='word_1_345' title='bbox 1697 2462 1835 2502; x_wconf 85' lang='lat' dir='ltr'><strong>Asinio</strong></span> 
     </span>
     <span class='ocr_line' id='line_1_35' title="bbox 125 2525 1833 2584; baseline 0.002 -17"><span class='ocrx_word' id='word_1_346' title='bbox 125 2526 236 2567; x_wconf 88' lang='lat' dir='ltr'><strong>Gallo</strong></span> <span class='ocrx_word' id='word_1_347' title='bbox 268 2526 310 2568; x_wconf 91' lang='lat' dir='ltr'><strong><em>C.</em></strong></span> <span class='ocrx_word' id='word_1_348' title='bbox 340 2526 487 2567; x_wconf 88' lang='lat' dir='ltr'><strong><em>Marcio</em></strong></span> <span class='ocrx_word' id='word_1_349' title='bbox 519 2525 714 2583; x_wconf 82' lang='lat' dir='ltr'><strong><em>Cen[s]0r.</em></strong></span> <span class='ocrx_word' id='word_1_350' title='bbox 743 2527 750 2581; x_wconf 98' lang='grc' dir='ltr'>Ι</span> <span class='ocrx_word' id='word_1_351' title='bbox 783 2528 894 2577; x_wconf 85' lang='lat' dir='ltr'><strong><em>cos.²‚</em></strong></span> <span class='ocrx_word' id='word_1_352' title='bbox 929 2526 936 2582; x_wconf 96' lang='grc' dir='ltr'>Ι</span> <span class='ocrx_word' id='word_1_353' title='bbox 971 2528 1013 2568; x_wconf 93' lang='lat' dir='ltr'><strong><em>L.</em></strong></span> <span class='ocrx_word' id='word_1_354' title='bbox 1046 2528 1174 2569; x_wconf 87' lang='lat' dir='ltr'><strong>Salvio</strong></span> <span class='ocrx_word' id='word_1_355' title='bbox 1204 2531 1310 2581; x_wconf 83' lang='lat' dir='ltr'><strong><em>Apro</em></strong></span> <span class='ocrx_word' id='word_1_356' title='bbox 1341 2528 1383 2569; x_wconf 88' lang='lat' dir='ltr'><strong><em>C.</em></strong></span> <span class='ocrx_word' id='word_1_357' title='bbox 1414 2526 1653 2584; x_wconf 74' lang='lat' dir='ltr'><strong><em>Postu[m2·]0</em></strong></span> <span class='ocrx_word' id='word_1_358' title='bbox 1684 2529 1797 2571; x_wconf 88' lang='lat' dir='ltr'><strong>Costa</strong></span> <span class='ocrx_word' id='word_1_359' title='bbox 1827 2527 1833 2582; x_wconf 96' lang='grc' dir='ltr'>Ι</span> 
     </span>
     <span class='ocr_line' id='line_1_36' title="bbox 124 2591 689 2651; baseline 0.002 -16"><span class='ocrx_word' id='word_1_360' title='bbox 124 2594 254 2636; x_wconf 87' lang='lat' dir='ltr'><strong><em>IIviris</em></strong></span> <span class='ocrx_word' id='word_1_361' title='bbox 283 2591 689 2651; x_wconf 78' lang='lat' dir='ltr'><strong><em>quin[q]uennalibus.</em></strong></span> 
     </span>
    </p>
   </div>
   <div class='ocr_carea' id='block_1_21' title="bbox 127 2661 1835 2761">
    <p class='ocr_par' dir='ltr' id='par_1_21' title="bbox 127 2661 1835 2761">
     <span class='ocr_line' id='line_1_37' title="bbox 238 2661 1835 2707; baseline 0.002 -12"><span class='ocrx_word' id='word_1_362' title='bbox 238 2661 390 2695; x_wconf 75' lang='lat' dir='ltr'><strong><em>Bria-iae</em></strong></span> <span class='ocrx_word' id='word_1_363' title='bbox 412 2673 500 2706; x_wconf 68' lang='lat' dir='ltr'><strong><em>rep„</em></strong></span> <span class='ocrx_word' id='word_1_364' title='bbox 529 2665 583 2696; x_wconf 75' lang='lat' dir='ltr'><strong><em>eet</em></strong></span> <span class='ocrx_word' id='word_1_365' title='bbox 606 2663 772 2696; x_wconf 86' lang='lat' dir='ltr'><strong><em>Veronae</em></strong></span> <span class='ocrx_word' id='word_1_366' title='bbox 803 2663 861 2703; x_wconf 86' lang='lat' dir='ltr'><strong><em>(V</em></strong></span> <span class='ocrx_word' id='word_1_367' title='bbox 876 2663 961 2696; x_wconf 81' lang='grc'>4201</span> <span class='ocrx_word' id='word_1_368' title='bbox 992 2662 1084 2695; x_wconf 75' lang='lat' dir='ltr'><em>vidit</em></span> <span class='ocrx_word' id='word_1_369' title='bbox 1107 2663 1327 2707; x_wconf 73' lang='lat' dir='ltr'><strong><em>Mommsen).</em></strong></span> <span class='ocrx_word' id='word_1_370' title='bbox 1364 2682 1409 2687; x_wconf 97' lang='lat'><strong>—</strong></span> <span class='ocrx_word' id='word_1_371' title='bbox 1449 2664 1481 2704; x_wconf 92' lang='lat'><strong><em>1)</em></strong></span> <span class='ocrx_word' id='word_1_372' title='bbox 1505 2663 1683 2696; x_wconf 72' lang='lat' dir='ltr'><strong><em>Patronus</em></strong></span> <span class='ocrx_word' id='word_1_373' title='bbox 1707 2663 1835 2698; x_wconf 78' lang='lat' dir='ltr'><strong><em>Vibius</em></strong></span> 
     </span>
     <span class='ocr_line' id='line_1_38' title="bbox 127 2717 1623 2761; baseline 0.003 -10"><span class='ocrx_word' id='word_1_374' title='bbox 127 2717 254 2751; x_wconf 72' lang='lat' dir='ltr'><strong><em>Viscus</em></strong></span> <span class='ocrx_word' id='word_1_375' title='bbox 276 2717 431 2758; x_wconf 71' lang='lat' dir='ltr'><strong><em>sortasse</em></strong></span> <span class='ocrx_word' id='word_1_376' title='bbox 453 2722 674 2753; x_wconf 85' lang='lat' dir='ltr'><strong><em>memoratur</em></strong></span> <span class='ocrx_word' id='word_1_377' title='bbox 698 2720 822 2753; x_wconf 79' lang='lat' dir='ltr'><strong><em>Horat.</em></strong></span> <span class='ocrx_word' id='word_1_378' title='bbox 839 2722 907 2754; x_wconf 68' lang='lat' dir='ltr'><strong><em>sat.</em></strong></span> <span class='ocrx_word' id='word_1_379' title='bbox 926 2719 956 2759; x_wconf 88' lang='grc'><strong><em>1,</em></strong></span> <span class='ocrx_word' id='word_1_380' title='bbox 974 2719 1026 2759; x_wconf 89' lang='grc'><strong><em>10,</em></strong></span> <span class='ocrx_word' id='word_1_381' title='bbox 1042 2720 1088 2753; x_wconf 77' lang='grc'>82</span> <span class='ocrx_word' id='word_1_382' title='bbox 1114 2729 1193 2752; x_wconf 89' lang='lat' dir='ltr'><strong><em>cum</em></strong></span> <span class='ocrx_word' id='word_1_383' title='bbox 1217 2720 1326 2753; x_wconf 72' lang='lat' dir='ltr'><strong><em>schol.</em></strong></span> <span class='ocrx_word' id='word_1_384' title='bbox 1350 2737 1395 2744; x_wconf 94' lang='lat'><strong>—</strong></span> <span class='ocrx_word' id='word_1_385' title='bbox 1425 2720 1460 2761; x_wconf 84' lang='lat'><strong><em>2)</em></strong></span> <span class='ocrx_word' id='word_1_386' title='bbox 1483 2721 1526 2753; x_wconf 84' lang='lat' dir='ltr'><strong><em>A.</em></strong></span> <span class='ocrx_word' id='word_1_387' title='bbox 1550 2720 1623 2755; x_wconf 82' lang='grc'>746.</span> 
     </span>
    </p>
   </div>
   <div class='ocr_carea' id='block_1_22' title="bbox 237 2819 1788 2933">
    <p class='ocr_par' dir='ltr' id='par_1_22' title="bbox 237 2819 1788 2933">
     <span class='ocr_line' id='line_1_39' title="bbox 237 2819 1484 2879; baseline -0.002 -13"><span class='ocrx_word' id='word_1_388' title='bbox 237 2819 352 2866; x_wconf 66' lang='grc'>4903</span> <span class='ocrx_word' id='word_1_389' title='bbox 409 2823 447 2862; x_wconf 91' lang='lat' dir='ltr'><strong><em>d.</em></strong></span> <span class='ocrx_word' id='word_1_390' title='bbox 478 2822 531 2862; x_wconf 83' lang='lat' dir='ltr'><strong><em>d.¹</em></strong></span> <span class='ocrx_word' id='word_1_391' title='bbox 559 2823 565 2877; x_wconf 93' lang='grc' dir='ltr'>Ι</span> <span class='ocrx_word' id='word_1_392' title='bbox 592 2824 662 2864; x_wconf 78' lang='lat' dir='ltr'><strong><em>Alo</em></strong></span> <span class='ocrx_word' id='word_1_393' title='bbox 689 2823 695 2879; x_wconf 97' lang='grc' dir='ltr'>Ι</span> <span class='ocrx_word' id='word_1_394' title='bbox 723 2823 814 2864; x_wconf 81' lang='lat' dir='ltr'><strong><em>Sex.</em></strong></span> <span class='ocrx_word' id='word_1_395' title='bbox 844 2824 932 2876; x_wconf 83' lang='lat' dir='ltr'><strong><em>Nig.</em></strong></span> <span class='ocrx_word' id='word_1_396' title='bbox 959 2822 966 2877; x_wconf 95' lang='grc' dir='ltr'>Ι</span> <span class='ocrx_word' id='word_1_397' title='bbox 993 2823 1192 2863; x_wconf 88' lang='lat' dir='ltr'><strong>Sollonius</strong></span> <span class='ocrx_word' id='word_1_398' title='bbox 1218 2821 1223 2878; x_wconf 98' lang='grc' dir='ltr'>Ι</span> <span class='ocrx_word' id='word_1_399' title='bbox 1251 2836 1285 2863; x_wconf 76' lang='grc' dir='ltr'><strong><em>ν.</em></strong></span> <span class='ocrx_word' id='word_1_400' title='bbox 1316 2837 1346 2863; x_wconf 88' lang='lat' dir='ltr'><strong><em>s.</em></strong></span> <span class='ocrx_word' id='word_1_401' title='bbox 1377 2824 1402 2863; x_wconf 92' lang='lat' dir='ltr'><strong><em>l.</em></strong></span> <span class='ocrx_word' id='word_1_402' title='bbox 1433 2836 1484 2864; x_wconf 92' lang='lat' dir='ltr'><strong><em>m.</em></strong></span> 
     </span>
     <span class='ocr_line' id='line_1_40' title="bbox 239 2889 1788 2933; baseline 0.003 -11"><span class='ocrx_word' id='word_1_403' title='bbox 239 2889 354 2931; x_wconf 83' lang='lat' dir='ltr'><strong><em>Prope</em></strong></span> <span class='ocrx_word' id='word_1_404' title='bbox 376 2889 544 2922; x_wconf 67' lang='lat' dir='ltr'><strong><em>Brixiam</em></strong></span> <span class='ocrx_word' id='word_1_405' title='bbox 567 2900 642 2933; x_wconf 85' lang='lat' dir='ltr'><strong><em>rep.</em></strong></span> <span class='ocrx_word' id='word_1_406' title='bbox 667 2890 719 2930; x_wconf 91' lang='lat' dir='ltr'><strong><em>(V</em></strong></span> <span class='ocrx_word' id='word_1_407' title='bbox 739 2891 824 2924; x_wconf 87' lang='grc'>4197</span> <span class='ocrx_word' id='word_1_408' title='bbox 848 2891 939 2923; x_wconf 73' lang='lat' dir='ltr'><strong><em>vidit</em></strong></span> <span class='ocrx_word' id='word_1_409' title='bbox 962 2890 1182 2933; x_wconf 69' lang='lat' dir='ltr'><strong><em>Mommsen).</em></strong></span> <span class='ocrx_word' id='word_1_410' title='bbox 1200 2908 1244 2913; x_wconf 90' lang='lat'>—</span> <span class='ocrx_word' id='word_1_411' title='bbox 1273 2891 1303 2931; x_wconf 88' lang='grc'><strong><em>1)</em></strong></span> <span class='ocrx_word' id='word_1_412' title='bbox 1325 2889 1518 2923; x_wconf 75' lang='lat' dir='ltr'><strong><em>For-laese.-</em></strong></span> <span class='ocrx_word' id='word_1_413' title='bbox 1541 2890 1686 2924; x_wconf 77' lang='lat' dir='ltr'><strong><em>domino</em></strong></span> <span class='ocrx_word' id='word_1_414' title='bbox 1710 2891 1788 2926; x_wconf 84' lang='lat' dir='ltr'><strong><em>deo.</em></strong></span> 
     </span>
    </p>
   </div>
   <div class='ocr_carea' id='block_1_23' title="bbox 237 2979 1784 3093">
    <p class='ocr_par' dir='ltr' id='par_1_23' title="bbox 237 2979 1784 3093">
     <span class='ocr_line' id='line_1_41' title="bbox 237 2979 1774 3039; baseline 0.001 -17"><span class='ocrx_word' id='word_1_415' title='bbox 237 2979 354 3025; x_wconf 81' lang='grc'>4904</span> <span class='ocrx_word' id='word_1_416' title='bbox 407 2981 482 3022; x_wconf 81' lang='lat' dir='ltr'><strong><em>deo</em></strong></span> <span class='ocrx_word' id='word_1_417' title='bbox 512 2982 584 3022; x_wconf 78' lang='lat' dir='ltr'><strong><em>Alo</em></strong></span> <span class='ocrx_word' id='word_1_418' title='bbox 610 2982 619 3032; x_wconf 96' lang='grc' dir='ltr'>Ι</span> <span class='ocrx_word' id='word_1_419' title='bbox 644 2983 814 3024; x_wconf 86' lang='lat' dir='ltr'><strong><em>Saturno</em></strong></span> <span class='ocrx_word' id='word_1_420' title='bbox 841 2981 847 3038; x_wconf 96' lang='grc' dir='ltr'>Ι</span> <span class='ocrx_word' id='word_1_421' title='bbox 874 2983 963 3024; x_wconf 81' lang='lat' dir='ltr'><strong><em>Sex.</em></strong></span> <span class='ocrx_word' id='word_1_422' title='bbox 986 2980 1236 3038; x_wconf 66' lang='lat' dir='ltr'><strong>Commoldus</strong></span> <span class='ocrx_word' id='word_1_423' title='bbox 1267 2980 1472 3039; x_wconf 82' lang='lat' dir='ltr'><strong>Valeriu[s]</strong></span> <span class='ocrx_word' id='word_1_424' title='bbox 1500 2982 1508 3037; x_wconf 97' lang='grc' dir='ltr'>Ι</span> <span class='ocrx_word' id='word_1_425' title='bbox 1539 2996 1573 3023; x_wconf 78' lang='grc' dir='ltr'><strong><em>ν.</em></strong></span> <span class='ocrx_word' id='word_1_426' title='bbox 1604 2997 1634 3024; x_wconf 93' lang='lat' dir='ltr'><strong><em>s.</em></strong></span> <span class='ocrx_word' id='word_1_427' title='bbox 1666 2985 1691 3024; x_wconf 86' lang='lat'><strong><em>1.</em></strong></span> <span class='ocrx_word' id='word_1_428' title='bbox 1721 2996 1774 3024; x_wconf 89' lang='lat' dir='ltr'><strong><em>m.</em></strong></span> 
     </span>
     <span class='ocr_line' id='line_1_42' title="bbox 240 3046 1784 3093; baseline 0.003 -14"><span class='ocrx_word' id='word_1_429' title='bbox 240 3046 393 3080; x_wconf 67' lang='lat' dir='ltr'><strong><em>Bria-iae</em></strong></span> <span class='ocrx_word' id='word_1_430' title='bbox 416 3047 468 3091; x_wconf 84' lang='lat' dir='ltr'><strong><em>(V</em></strong></span> <span class='ocrx_word' id='word_1_431' title='bbox 482 3048 568 3082; x_wconf 89' lang='grc'>4198</span> <span class='ocrx_word' id='word_1_432' title='bbox 590 3049 857 3093; x_wconf 73' lang='lat' dir='ltr'><strong><em>deser-ipserum</em></strong></span> <span class='ocrx_word' id='word_1_433' title='bbox 879 3050 1054 3083; x_wconf 70' lang='lat' dir='ltr'><strong><em>Bria-iani</em></strong></span> <span class='ocrx_word' id='word_1_434' title='bbox 1078 3050 1275 3092; x_wconf 70' lang='lat' dir='ltr'><strong><em>complures</em></strong></span> <span class='ocrx_word' id='word_1_435' title='bbox 1300 3060 1322 3083; x_wconf 88' lang='lat' dir='ltr'><strong><em>a</em></strong></span> <span class='ocrx_word' id='word_1_436' title='bbox 1344 3060 1436 3084; x_wconf 72' lang='lat' dir='ltr'><strong><em>saec.</em></strong></span> <span class='ocrx_word' id='word_1_437' title='bbox 1459 3049 1546 3084; x_wconf 87' lang='lat' dir='ltr'><strong><em>XVI</em></strong></span> <span class='ocrx_word' id='word_1_438' title='bbox 1566 3051 1614 3084; x_wconf 87' lang='lat' dir='ltr'><strong><em>ad</em></strong></span> <span class='ocrx_word' id='word_1_439' title='bbox 1635 3050 1784 3093; x_wconf 84' lang='lat' dir='ltr'><strong><em>XVIII).</em></strong></span> 
     </span>
    </p>
   </div>
   <div class='ocr_carea' id='block_1_24' title="bbox 1118 3109 1384 3113">
    <p class='ocr_par' dir='ltr' id='par_1_24' title="bbox 1118 3109 1384 3113">
     <span class='ocr_line' id='line_1_43' title="bbox 1118 3109 1384 3113; baseline 0 0"><span class='ocrx_word' id='word_1_440' title='bbox 1118 3109 1384 3113; x_wconf 95' lang='lat' dir='ltr'><strong><em> </em></strong></span> 
     </span>
    </p>
   </div>
  </div>
 </body>
</html>
