2092 3360
504 191 621 230 Tituli
643 191 742 228 sam-1
764 194 803 228 et
824 192 1067 229 sacerdotnm.
1093 211 1135 218 -—
1161 191 1322 229 Numina
1345 190 1506 229 Africae.
1782 193 1862 232 195

263 305 380 353 4478
426 308 637 349 Abaddiri¹
666 304 817 358 saincte
849 308 1032 363 cultolres
1062 295 1239 349 iuniores
1266 306 1272 362 Ι
1298 309 1379 350 suis
1408 307 1570 349 sumtis*
1596 306 1602 363 Ι
1628 320 1734 349 aram
1764 321 1863 350 con-

148 376 271 426 stitu„
298 375 306 432 Ι
332 373 482 432 profe-J
504 405 514 417 .
535 405 547 417 .
569 406 579 417 .
601 406 612 416 .

263 443 438 477 Milianae
468 445 508 477 in
532 442 763 477 Mauretania
797 442 909 487 (VIII
927 444 1035 478 24484
1128 444 1220 487 ΕρΙι.
1246 455 1298 487 ep.
1322 443 1354 485 7,
1375 443 1445 477 529
1468 442 1579 478 decer.
1606 444 1795 489 Pur-gold).
1819 463 1865 470 —

153 501 184 542 1)
210 498 265 540 Cf:
281 500 475 544 Aug-nstin.
491 510 544 544 ep.
561 499 612 542 47,
624 500 668 534 2.·
690 502 838 534 nomina
863 500 1038 544 quaedam
1060 504 1285 534 mortuorum
1302 501 1439 534 Punica
1465 500 1641 544 collegisti
1658 526 1667 536 .
1679 525 1690 537 .
1702 526 1712 537 .
1725 526 1734 536 .
1750 503 1867 535 miror

151 557 249 600 quod
271 581 351 592 ....
374 558 414 590 in
436 559 587 590 mentem
616 567 690 590 non
714 559 851 591 venerit
881 559 1011 591 habere
1035 560 1116 592 tuoe
1135 568 1301 601 paganos
1330 560 1364 590 et
1395 559 1434 590 in
1456 558 1701 592 sacerdotibus
1723 558 1866 592 Eucad—

124 663 127 666 .
151 614 246 648 diret
255 614 304 659 (P)
320 616 357 647 et
370 615 411 647 in
426 614 634 647 numinibus
649 614 861 648 Abaddiree.
894 615 1104 649 Priscianus
1120 615 1178 649 lib.
1197 614 1399 658 171pr
1413 614 1542 647 Hertz.-
1566 616 1718 649 abbadir
1741 610 1763 652 ὃ
1780 615 1868 663 βαί-

150 672 280 713 τυλος,
306 671 399 715 lapis
417 680 519 713 quem
540 680 611 713 pro
628 670 711 704 Iove
734 671 919 704 devoravit
936 671 1124 707 Saturnus.
1157 670 1211 712 CI:
1231 671 1280 706 W
1280 670 1418 713 oelfflin
1434 672 1568 704 Archiv
1585 670 1614 711 Ῑὶ
1633 673 1696 706 lat.
1711 671 1867 706 Leaeiko·

146 728 304 770 graphio
328 727 350 760 I
368 727 454 761 4884
476 738 510 770 p.
528 728 605 762 435.
631 747 677 753 -
701 729 734 769 2)
760 728 822 762 Sic
840 730 964 772 potius
987 738 1095 772 quam
1119 728 1258 762 sumtib.
1284 728 1386 771 Iapis.

264 817 378 865 4479
418 821 492 862 deo
523 822 653 874 patrio
678 820 685 877 Ι
713 821 900 862 Baliddiri
929 822 1045 874 Aug.¹
1073 818 1080 874 Ι
1105 833 1273 862 sacrum.
1300 821 1307 876 Ι
1335 821 1382 869 Q.
1405 821 1550 862 Tadius
1581 821 1628 869 Q.
1653 822 1707 861 fil.
1735 819 1741 876 Ι
1769 821 1867 868 Qui-

151 888 238 928 rina
268 887 404 929 Victor
437 888 443 944 Ι
478 895 647 930 statuam
677 902 832 931 aeream
863 889 871 944 Ι
906 902 1025 942 quam
1055 890 1105 930 oh
1136 890 1332 930 honorem
1366 888 1371 945 Ι
1407 890 1581 930 flamonii
1611 889 1687 930 divi
1719 886 1868 945 Sevelri

152 956 301 997 castelli
333 956 526 1010 Siguitani
553 956 560 1011 Ι
586 958 786 1011 pollicitus
814 963 898 998 erat
926 955 1134 1011 faciturum
1165 971 1208 998 se
1238 971 1286 998 ex
1307 957 1341 998 X
1360 958 1422 998 DL
1433 958 1459 1006 ²,
1491 956 1738 1012 ampliflficata
1768 957 1867 997 libe-

150 1025 304 1070 ralitate
330 1025 337 1079 Ι
364 1038 411 1065 ex
441 1024 476 1065 X
505 1025 634 1066 mille²
672 1038 763 1066 cum
795 1026 886 1066 base
913 1023 919 1080 Ι
946 1025 1055 1066 Tadii
1083 1024 1090 1078 Ι
1114 1025 1250 1066 Victor
1279 1027 1412 1066 iunior
1442 1033 1481 1067 et
1515 1024 1522 1079 Ι
1560 1026 1800 1066 Saturninus
1830 1031 1871 1065 et

153 1092 357 1134 Honorata
378 1100 418 1134 et
437 1092 557 1147 Fellix
588 1094 656 1134 filii
687 1100 728 1134 et
757 1094 936 1148 hereldes
961 1095 1047 1135 eius
1066 1095 1262 1135 dederunt
1288 1092 1293 1149 Ι
1320 1095 1613 1135 dedicaverunt.
1644 1094 1690 1134 L.
1711 1094 1749 1134 d.
1771 1094 1808 1134 d.
1830 1094 1870 1133 d.

269 1159 378 1203 Sigus
401 1163 440 1193 in
464 1162 651 1195 territorio
677 1160 833 1195 Cir-tensi
862 1161 970 1202 (VIII
991 1161 1028 1195 S.
1044 1162 1152 1195 49424
1183 1162 1260 1194 vidi
1283 1160 1479 1206 ectypum).
1513 1180 1560 1186 —
1597 1162 1630 1204 1)
1653 1162 1780 1195 Eidem
1804 1161 1871 1195 deo

153 1217 339 1251 dedicatae
366 1220 452 1250 sunt
482 1219 582 1251 bases
612 1218 731 1252 eodem
763 1219 840 1252 loco
870 1221 1034 1261 repertae
1059 1218 1147 1252 VIII
1168 1218 1206 1252 S.
1222 1218 1347 1253 49422.
1372 1218 1496 1260 49425,
1528 1221 1563 1251 et
1586 1220 1626 1251 in
1650 1229 1742 1261 agro
1768 1217 1871 1251 Cala-

152 1275 269 1306 mensi
292 1274 497 1308 V1115279.
537 1274 675 1308 Nomen
700 1275 758 1308 dei
781 1276 970 1319 Punicum,
995 1274 1043 1315 cf.
1061 1275 1152 1309 VIII
1167 1275 1201 1309 S.
1220 1276 1242 1309 1.
1261 1286 1291 1309 c.
1311 1294 1358 1300 —
1382 1276 1418 1317 2)
1442 1275 1619 1318 Statuam,
1644 1285 1751 1318 quam
1762 1277 1874 1318 pater

148 1332 368 1374 promiserat
389 1342 437 1365 ecc
460 1331 622 1364 denariis
645 1333 853 1374 quingentis
876 1334 1155 1376 quinquaginta,
1187 1332 1260 1372 filii
1277 1331 1444 1371 fecer-unt
1467 1343 1513 1364 ea:
1536 1332 1695 1364 denariis
1718 1331 1826 1364 mille.

265 1421 382 1468 4480
438 1424 586 1464 Lille0²
626 1425 724 1476 Aug.
771 1423 777 1480 Ι
824 1438 896 1478 pro
935 1425 1062 1466 salute
1101 1425 1196 1478 imp.
1238 1421 1381 1481 Cae[s.]
1425 1421 1432 1477 Ι
1471 1424 1523 1464 Μ.
1563 1424 1695 1465 Aureli
1737 1424 1872 1464 Severi

155 1488 439 1549 [A]}lex[andri
464 1489 602 1548 Au9.]²
636 1496 644 1545 Ι
685 1493 727 1533 C.
750 1493 927 1534 Licinius
958 1493 1092 1534 Ciron.
1126 1492 1132 1548 Ι
1168 1492 1358 1533 Cronha?
1386 1493 1538 1533 sacerd.
1578 1491 1586 1546 Ι
1621 1492 1758 1533 Caelt.⁴
1786 1504 1873 1532 aras

152 1563 235 1602 suis
260 1560 267 1616 Ι
293 1573 423 1614 sump.
454 1561 529 1601 fec.
561 1567 601 1600 et
627 1561 714 1601 ded.

269 1627 470 1662 Madaurae
501 1627 606 1669 (VIII
628 1629 716 1663 4673
744 1628 838 1661 vidit
864 1628 1096 1671 Wilmanm).
1131 1647 1176 1652 —
1215 1630 1247 1669 1)
1274 1629 1356 1663 Vox
1386 1630 1501 1668 certa,
1537 1628 1610 1660 nisi
1639 1627 1737 1670 quod
1765 1629 1872 1659 tertia

155 1683 278 1718 littera
302 1683 460 1725 fortasse
484 1685 495 1718 i
518 1683 595 1724 fuit
618 1685 774 1726 (Liuosa
799 1695 997 1728 cognomen
1021 1688 1074 1718 est
1100 1684 1187 1719 VIII
1208 1684 1323 1730 9494).
1363 1703 1407 1709 --
1445 1685 1480 1727 2)
1509 1683 1714 1717 Aleoeandn·
1743 1694 1873 1718 nomen

155 1744 307 1775 erasum.
329 1761 373 1766 —
398 1743 434 1784 3)
459 1742 521 1775 Sic
544 1743 687 1785 eoecepit
711 1741 834 1776 Wilm.
858 1761 904 1766 —
927 1744 964 1781 4)
989 1742 1166 1776 Sacerdos
1191 1742 1368 1776 Caelestis.

268 1820 378 1866 4481
431 1823 624 1863 Monnae¹
657 1828 755 1875 Aug.
784 1822 790 1878 Ι
816 1836 896 1865 sac.

271 1889 430 1923 Henchir
450 1889 526 1922 Ain
546 1888 686 1932 Tango,
708 1891 772 1922 ubi
792 1888 868 1929 fuit
884 1889 1060 1932 Thignica
1073 1891 1287 1932 provinciae
1305 1887 1458 1927 Africae
1475 1886 1585 1931 (VIII
1598 1886 1634 1920 S.
1646 1887 1750 1920 44944
1767 1886 1876 1920 semel

156 1944 365 1990 descripta).
385 1964 431 1971 —
459 1947 490 1987 1)
513 1945 655 1979 Numen
674 1948 864 1989 praeterea
880 1948 1057 1988 ignotum,
1081 1946 1144 1978 sed
1160 1957 1181 1978 a
1199 1956 1269 1988 quo
1286 1946 1438 1988 apparet
1455 1943 1655 1976 derivatum
1672 1954 1744 1976 esse
1759 1945 1873 1977 usita-

157 2005 335 2036 tissimum
358 2004 398 2035 in
421 2001 554 2042 Africa
577 2013 706 2036 nomen
730 2002 932 2036 Monnicae.

270 2093 387 2141 4482
435 2095 672 2135 Motmanio¹
699 2092 706 2148 Ι
733 2091 793 2149 et}
812 2093 1009 2135 Mercurio
1034 2090 1040 2148 Ι
1064 2104 1219 2134 sacrum
1238 2090 1244 2146 Ι
1261 2091 1309 2139 Q.
1331 2091 1500 2132 Manlius
1527 2090 1532 2146 Ι
1559 2091 1694 2132 Victor
1719 2091 1726 2146 Ι
1752 2101 1777 2138 7
1795 2092 1872 2145 leg.

195 2165 342 2205 [Au.
402 2163 555 2204 V.s.l.
588 2176 622 2203 a.

157 2165 193 2206 Π
274 2163 469 2265 ΒΞηιΙὸαωο
492 2241 567 2274 rep.
593 2229 700 2273 (VIII
720 2230 811 2263 2650
836 2228 884 2269 cf.
906 2239 942 2272 p.
958 2228 1046 2263 4759
1071 2227 1211 2270 Gagnat
1234 2226 1327 2259 vidit
1349 2228 1542 2270 ectypum).
1560 2245 1603 2250 —
1632 2226 1662 2268 1)
1686 2226 1794 2260 Plane
1817 2227 1874 2260 in-

160 2291 295 2322 certum
318 2298 406 2321 num
429 2297 560 2320 numen
585 2287 651 2319 hoc
673 2288 860 2328 praeterea
882 2287 1048 2328 ignotum
1071 2295 1154 2317 vere
1175 2282 1393 2322 Africanum
1416 2284 1474 2318 sit.

272 2379 388 2427 4483
437 2381 510 2421 diis
539 2377 897 2434 conservaltoribus
925 2378 954 2417 l.
987 2390 1024 2418 o.
1054 2390 1122 2426 m.‚
1155 2376 1162 2431 Ι
1202 2375 1414 2424 Mercurio,
1454 2372 1597 2430 Gelnior
1623 2375 1832 2425 exercitus,
1864 2375 1871 2428 Ι

160 2446 435 2506 Torch0b0[l]i
466 2450 553 2496 deo,
581 2446 587 2502 Ι
615 2478 625 2488 .
649 2478 657 2488 .
681 2478 691 2487 .
716 2477 725 2487 .

275 2517 430 2551 Vazaivi
454 2515 543 2558 (Ain
567 2515 655 2559 Zui)
682 2516 721 2547 in
745 2512 920 2547 Numidia
946 2511 1052 2552 (VIII
1076 2510 1112 2546 S.
1129 2510 1235 2545 47624
1260 2510 1366 2554 vidi).

274 2607 394 2655 4484
426 2610 622 2650 Mercurio
644 2608 777 2649 sobrio
792 2607 820 2655 ¹,
851 2605 977 2646 Genio
995 2604 1133 2644 Sesase
1143 2603 1171 2652 ²,
1202 2602 1377 2642 Pantheo
1399 2602 1498 2652 Aug.
1515 2612 1592 2640 sac.
1621 2598 1626 2654 Ι
1654 2612 1727 2653 pro
1748 2601 1873 2641 salute

163 2680 257 2733 imp.
289 2679 398 2719 Caes.
429 2678 478 2721 M.
504 2677 638 2718 Aureli
669 2675 803 2717 Severi
834 2672 1027 2714 Antonini
1058 2672 1156 2724 Aug.
1189 2671 1248 2711 Pii
1277 2670 1418 2710 Felicis
1449 2675 1488 2708 et
1514 2670 1520 2718 Ι
1547 2668 1666 2709 Iuliae
1697 2669 1874 2709 Domnae

163 2750 277 2800 Aug„
316 2747 454 2787 matris
482 2747 582 2798 Aug.
615 2751 653 2785 et
681 2751 844 2785 castror.
876 2748 915 2781 et
944 2745 1103 2781 senatus
1134 2746 1174 2779 et
1199 2737 1207 2793 Ι
1232 2737 1379 2791 patriae
1414 2737 1616 2788 totiusque
1644 2736 1785 2776 domus
1815 2735 1875 2775 di-

163 2816 276 2856 vinae
297 2827 448 2863 eorum,
479 2814 630 2855 Lucilia
651 2811 752 2867 Galle
774 2810 894 2851 flam.³
915 2809 990 2849 col.
1013 2806 1156 2859 Thub„
1189 2805 1379 2858 templum
1409 2817 1431 2844 a
1460 2804 1561 2845 solo>
1577 2804 1670 2844 fecit
1693 2803 1874 2855 libentiq.

165 2896 296 2925 81111110
326 2896 361 2925 V.
392 2896 424 2923 S·

280 2950 438 2983 Henclu‘r
454 2948 536 2983 Sidi
551 2948 618 2982 Ali·
631 2948 686 2982 bel
702 2947 854 2988 Koeeem,
877 2946 941 2978 ubi
956 2942 1033 2984 fuit
1052 2941 1280 2976 Thuburnica
1299 2939 1406 2982 (VIII
1421 2939 1458 2973 S.
1471 2938 1576 2973 44690
1601 2937 1761 2972 Schmidt
1782 2937 1877 2970 vidit

166 3011 331 3051 ectypum
359 3008 478 3050 partie
507 3004 684 3050 maior-ie).
720 3023 764 3029 —
803 3005 836 3045 1)
867 3000 920 3041 ΕΙΣ
943 3010 1055 3043 supra
1078 2998 1125 3033 Ν.
1146 2997 1246 3032 8496.
1280 3015 1327 3022 -
1361 2996 1395 3038 2)
1425 2994 1574 3029 Genium
1599 2996 1692 3038 pagi
1721 2994 1876 3027 alicuius

165 3062 370 3106 significari
393 3064 544 3096 coniecit
566 3062 737 3097 Schmidt.
762 3079 808 3086 —-
832 3061 865 3101 3)
890 3058 1104 3092 Flaminica.

1534 3131 1601 3167 13·
