2092 3360
318 168 434 207 Tituli
457 169 554 206 sacri
578 170 617 206 et
639 168 883 205 acerdotum.
902 189 945 195 —
970 168 1213 215 Aesculapius
1230 172 1268 206 et
1283 168 1410 216 Hygia.
1434 168 1638 216 Nymphae.
1752 171 1831 210 109

179 330 182 332 ,
229 280 347 331 3853
853 296 977 335 (aures
1001 294 1110 339 duae)

471 353 608 395 Cutius
637 353 708 394 has
738 353 845 394 auris
875 352 1011 394 Gallus
1041 353 1111 393 tibi
1145 360 1304 395 voverat
1334 354 1440 402 olim,
1468 351 1475 408 Ι

529 421 795 475 phoebigena,
836 427 875 462 et
903 421 1038 474 posuit
1066 433 1187 462 sanus
1218 421 1268 462 ab
1298 421 1498 463 auriculis.

226 487 411 531 Epidauri
435 488 510 532 (ΙΙΙ
521 488 557 523 S.
569 489 657 523 7266
674 499 720 522 σω
737 489 828 532 ΕρΙι.
845 488 1121 532 arclzaeologica
1140 489 1351 523 Atheniensi
1374 490 1462 523 4885
1482 499 1519 532 p.
1536 489 1611 530 199,
1635 489 1699 522 ubi
1721 488 1832 523 datur

111 544 212 588 ligno
235 546 381 587 ineisa).

223 623 340 671 3854
389 627 545 668 Aescul.
577 627 755 680 Pergam.
792 626 797 682 Ι
832 634 869 666 et
900 627 1048 679 Hygiae
1073 625 1080 682 Ι
1106 638 1261 667 sacrum
1297 626 1309 680 Ι,
1338 627 1379 668 C.
1411 627 1580 680 Spedius
1610 626 1791 667 Hermiae
1821 630 1828 678 Ι

110 693 253 734 flamen
283 694 358 735 col.
389 695 515 736 Sarm.
543 692 550 750 Ι
577 707 663 748 pos.

225 760 535 805 Sarmizegetusae
559 773 634 805 rep.
660 761 732 805 (Ill
755 761 861 795 aava
886 761 994 794 semel
1017 761 1230 805 descripta).

221 839 335 886 3855
395 844 468 883 deo
501 843 734 896 Aesculapio
769 842 883 897 {Vah
915 843 1160 896 Symphorus
1199 848 1238 882 et
1279 843 1411 883 Protis
1448 840 1455 895 Ι
1487 843 1648 894 signum
1688 843 1826 883 Somni

109 919 282 959 aereum,
309 908 317 964 Ι
342 916 525 964 torquem
556 923 720 952 aureum
752 923 799 951 ex
828 908 1093 965 dracunlculis
1123 909 1280 950 duobus
1309 910 1364 962 p.¹
1397 907 1468 963 (Γ,
1509 910 1824 962 enchiridium³1

108 983 261 1029 argent.
293 990 332 1030 p.
362 977 500 1029 506⁴,
531 978 784 1020 anabolium’
814 978 865 1019 ob
895 976 1104 1034 inlsignem
1137 978 1241 1019 circa
1272 991 1315 1019 se
1346 977 1524 1019 numinis
1554 977 1640 1019 eius
1667 975 1673 1032 Ι
1708 978 1827 1018 effec-

107 1050 192 1085 tum
223 1058 258 1085 ν.
288 1059 319 1087 s.
351 1047 376 1087 l.
409 1061 459 1088 m.

222 1112 319 1146 Reiis
343 1113 460 1159 (Βία)
485 1115 525 1147 in
546 1115 738 1158 provincia
761 1113 991 1148 Narbonensi
1013 1125 1102 1158 rep„
1125 1115 1199 1147 iam
1223 1115 1339 1157 Aquis
1355 1113 1491 1147 Seoetiis
1515 1113 1683 1154 (X11554
1703 1123 1741 1156 p.
1753 1112 1826 1147 810

107 1169 202 1202 vidit
225 1169 460 1215 Hirschfeld).
474 1189 522 1197 —
547 1172 580 1214 1)
604 1171 736 1205 Pondo.
757 1189 804 1196 —
828 1172 862 1214 2)
888 1170 949 1204 Sic
971 1169 1051 1210 fere
1074 1171 1140 1204 has
1162 1173 1268 1204 notas
1291 1172 1433 1214 excepit
1454 1169 1662 1210 Hirschfeld
1666 1183 1680 1212 ,·
1701 1171 1827 1214 priore

107 1228 337 1269 semunciam,
362 1227 478 1261 altera
501 1227 680 1261 sextulam
704 1226 910 1270 significari
931 1230 1037 1270 putat
1052 1227 1258 1261 Mommsen.
1273 1246 1319 1253 —
1345 1229 1379 1268 3)
1403 1227 1659 1261 Euchiridium
1683 1230 1717 1260 et
1739 1237 1826 1260 ana-

108 1283 243 1316 bolium
262 1294 333 1327 pro
355 1285 607 1318 instrumentis
630 1285 850 1328 chirurgio-is
873 1285 1078 1318 habuerunt
1101 1285 1288 1327 nonnulli‚·
1323 1285 1398 1318 alia
1423 1285 1609 1328 temptavit
1631 1283 1826 1318 Mommsen

109 1339 196 1382 (XII
218 1339 241 1373 l.
259 1341 318 1385 c.).
351 1359 398 1366 --
431 1343 466 1385 4)
490 1341 552 1375 Sic
573 1340 654 1382 fere
675 1351 789 1375 unum
813 1352 860 1375 ex
882 1343 1105 1386 apographis
1136 1344 1296 1385 antiquis
1327 1341 1450 1385 (hodie
1473 1342 1560 1374 haec
1581 1351 1669 1384 pars
1693 1340 1826 1381 deest),-

105 1395 339 1439 significatur
360 1399 438 1431 sine
462 1398 590 1432 dubio:
613 1400 741 1432 uncias
764 1400 923 1442 quinque
946 1402 980 1431 et
1000 1401 1230 1438 sernum-iam,

219 1476 358 1523 3855*
399 1480 486 1520 divo
512 1479 519 1534 Ι
546 1479 704 1520 Traian.
732 1479 739 1533 Ι
767 1480 808 1520 C.
830 1479 1018 1527 Quintius
1042 1478 1050 1535 Ι
1076 1479 1324 1520 Abascantus
1348 1478 1355 1533 Ι
1390 1484 1478 1519 test.
1511 1479 1599 1531 leg.¹
1628 1478 1633 1532 Ι
1661 1479 1825 1518 medicis

107 1545 225 1586 Taur.
254 1545 261 1601 Ι
286 1547 428 1590 cultor.
454 1546 463 1601 Ι
488 1547 645 1601 Asclepi
676 1553 713 1588 et
739 1546 747 1603 Ι
772 1548 935 1601 Hygiae.

225 1612 396 1648 Taurinis
421 1613 480 1658 (V
486 1615 571 1649 6970
592 1615 685 1648 vidit
707 1615 932 1658 Mommsen).
956 1635 1000 1640 —
1029 1617 1061 1659 1)
1089 1614 1310 1649 Testamenta
1336 1614 1481 1656 legavit.

220 1850 336 1898 3858
395 1853 454 1894 Ti.
485 1854 544 1894 Ti.
573 1852 579 1908 Ι
606 1855 693 1896 Iulii
719 1854 726 1910 Ι
755 1856 965 1910 Staphylus
991 1854 997 1910 Ι
1025 1861 1064 1896 et
1093 1854 1313 1909 Nymphius
1338 1853 1344 1909 Ι
1372 1867 1411 1906 p.
1442 1861 1483 1893 et
1513 1854 1554 1893 f.¹
1581 1852 1587 1901 Ι
1622 1853 1659 1893 d.
1691 1866 1722 1892 s.
1754 1857 1825 1907 p.fl

109 1920 284 1961 mutui-,²

222 1986 354 2020 Romae
383 1990 422 2021 in
446 1999 565 2022 museo
591 1989 781 2030 Vaticano,
813 1992 990 2023 incertum
1021 2000 1091 2032 quo
1116 1989 1194 2022 loeo
1222 1989 1324 2022 urbis
1351 1998 1440 2031 rep„
1472 1988 1613 2022 labrum
1637 1998 1684 2020 ex
1708 1986 1828 2030 lapide

114 2043 316 2086 Tiburtino,
347 2046 538 2088 inscriptio
566 2047 620 2078 bis
646 2048 798 2089 repetita
827 2045 900 2090 (VI
918 2046 1007 2080 :3700
1038 2045 1134 2078 vidit
1165 2045 1207 2078 de
1223 2044 1354 2090 Bassi).
1383 2064 1427 2070 -
1466 2047 1498 2085 1)
1523 2045 1631 2078 Pater
1662 2047 1699 2077 et
1727 2043 1828 2084 filius

111 2101 159 2144 (p.
178 2104 213 2134 et
230 2100 251 2135 Γ.
270 2102 440 2134 omissum
463 2104 515 2134 est
536 2102 576 2134 in
593 2102 708 2135 altero
725 2103 916 2146 exemplo).
932 2121 976 2127 —
1001 2103 1035 2144 2)
1057 2102 1112 2135 De
1126 2102 1314 2135 Diuturna
1330 2103 1405 2135 sice
1420 2102 1575 2135 Iuturna
1594 2101 1754 2145 nympha
1778 2098 1835 2140 cll*

113 2158 306 2191 Mommsen
330 2159 422 2201 ΕρΙι.
446 2169 498 2201 ep.
516 2158 536 2191 Ι
555 2169 591 2200 p.
606 2159 652 2192 56
676 2173 720 2186 ==
747 2158 832 2192 CIL.
856 2159 877 2191 1
899 2159 952 2192 ed.
968 2159 992 2192 2
1014 2169 1051 2202 p.
1066 2157 1167 2193 326b.

116 2215 1828 2294 mmm

115 2307 220 2347 nelio
251 2307 358 2348 Sulla
391 2307 506 2356 cos.²‚
533 2307 541 2361 Ι
567 2307 777 2361 Synhistor
804 2306 808 2362 Ι
837 2307 1017 2349 Sabidiae
1049 2307 1090 2348 C.
1121 2308 1148 2348 f.
1180 2308 1297 2361 disp.⁸

227 2374 269 2408 In
294 2374 438 2408 Sabinis
457 2385 572 2418 prope
598 2375 763 2409 Velinum
786 2385 936 2418 amnem,
964 2376 1013 2409 ad
1034 2376 1231 2419 Borgheito
1255 2376 1330 2408 sive
1352 2375 1476 2417 Borgo
1501 2373 1630 2407 Velino
1655 2372 1724 2413 (IX
1744 2373 1827 2406 4644

112 2431 205 2465 vidit
221 2430 445 2476 Stevenson).
461 2450 504 2457 -—
532 2433 565 2473 1)
590 2430 811 2465 Vocabulum
834 2433 1016 2474 integrum
1041 2443 1124 2474 esse,
1147 2433 1284 2466 nullam
1309 2431 1469 2464 litteram
1491 2432 1651 2474 periisse,
1675 2431 1729 2462 ait
1753 2428 1828 2463 Ste-

113 2498 246 2521 venson
269 2487 414 2529 (Dianae
435 2489 579 2532 priores
602 2487 800 2531 nonnulli).
824 2508 866 2513 —
898 2490 932 2530 2)
955 2490 998 2523 A.
1022 2500 1058 2523 u.
1083 2490 1198 2524 c.74.⁹.
1223 2507 1268 2514 —-
1293 2489 1326 2530 3)
1350 2487 1596 2530 Dispensator.

228 2566 343 2613 3858
398 2569 440 2608 L.
462 2570 628 2610 Bantius
660 2569 702 2608 L.
734 2569 760 2608 f.
791 2568 881 2612 Tro.
908 2569 1137 2622 Lumphieis
1159 2573 1243 2617 (sic)
1268 2568 1275 2623 Ι
1304 2575 1411 2616 (puer
1426 2572 1558 2605 hedera
1584 2570 1827 2621 coronatus).{

115 2633 312 2686 Λεύκιος
337 2631 535 2686 Ῥάντιος
564 2638 763 2678 Λευκίου
799 2635 805 2689 Ι
839 2634 936 2686 υἱὸς
966 2634 1181 2694 Νύμφαις
1219 2642 1278 2681 (ln
1303 2641 1416 2674 latere
1437 2639 1611 2673 dicuntur
1633 2637 1746 2679 fuisse
1770 2638 1829 2671 m-

116 2711 213 2741 ter-ae
235 2703 381 2754 Imm.)-

232 2769 402 2814 Neapoli,
425 2769 582 2810 fortasse
605 2770 743 2803 Isckiae
765 2781 840 2812 rep.
872 2770 922 2812 (X
941 2771 1026 2804 6797
1049 2772 1154 2813 vidi).

230 2849 345 2896 3859
383 2851 574 2904 Nymphis
594 2851 822 2904 Lymphisq.
850 2849 856 2906 Ι
885 2852 1071 2903 Augustis
1092 2853 1142 2891 ob
1164 2853 1333 2892 reditum
1361 2850 1368 2903 Ι
1392 2861 1583 2902 aquarum
1612 2848 1619 2903 Ι
1645 2849 1688 2889 Ρ.
1710 2850 1830 2889 Pom-

45 2955 48 2957 .
119 2919 266 2971 ponius
292 2917 298 2975 Ι
325 2919 585 2960 Cornelianus
614 2931 649 2959 c.
680 2919 734 2967 i.¹‚
762 2920 768 2974 Ι
798 2926 840 2959 ut
867 2919 984 2960 vovit.

233 2985 340 3019 Seleia
361 2996 473 3030 prope
499 2986 685 3028 Vicetiam,
709 2996 807 3019 nunc
831 2985 992 3019 Vicetiae
1015 2985 1074 3026 (V
1087 2985 1176 3019 3406
1199 2985 1291 3018 vidit
1314 2983 1539 3028 Mommsen).
1566 3002 1608 3008 —
1638 2984 1671 3025 1)
1697 2982 1828 3017 Claris-

117 3042 228 3074 simus
249 3043 400 3076 iuvenis.
