2092 3360
453 151 569 189 Tituli
592 151 689 189 sacri
711 153 750 189 et
772 152 1016 189 sacerdotum.
1035 173 1080 179 -
1103 153 1167 190 Sol
1181 153 1336 190 invictus
1352 153 1518 190 Mithrae.
1763 154 1843 193 15‘1

243 264 358 313 4219
407 267 562 308 Orienti
588 264 595 322 Ι
622 266 792 308 Fructus
822 267 962 309 Ponti¹
990 266 998 322 Ι
1023 281 1114 309 cum
1146 268 1309 322 Myrone
1339 265 1403 325 [f]
1432 266 1438 324 Ι
1464 268 1538 310 sub
1570 269 1621 310 M.
1652 270 1840 325 Aemilio!

135 333 382 389 Chrysantbo
408 333 415 390 Ι
441 347 543 388 mag.
572 335 668 376 anni
699 336 830 388 primi.

242 400 386 444 Romae,
409 412 505 435 nunc
530 401 659 437 Urbini
682 401 752 446 (VI
772 404 840 438 556
864 403 957 437 vidit
979 403 1193 446 Bor-mann).
1219 423 1265 430 —
1292 406 1324 446 1)
1349 404 1494 438 Scilicet
1517 414 1651 439 cervus.

244 479 361 527 4220
410 485 646 530 (sacrificium
671 485 926 532 Mithriaeum;
960 490 1000 522 in
1025 492 1131 523 lauro
1156 489 1313 534 tegitur)
1344 485 1380 524 d.
1403 485 1443 524 S.
1465 485 1490 525 i.
1512 485 1562 525 M.
1594 489 1729 535 (infra)
1750 483 1844 543 [pro

129 549 253 591 salute
281 557 316 590 et
346 546 632 605 incolumi]tate
663 550 713 591 Μ.
746 554 840 592 Aur.
872 552 1068 593 Thimotei
1105 559 1145 593 et
1173 554 1269 593 Aur.
1300 553 1455 593 Maximi
1483 549 1489 605 Ι
1518 549 1663 608 [votum
1692 566 1847 595 nuncu-

129 620 237 672 pavit
265 614 432 674 so]lvitq.
465 617 651 659 Euthices
682 631 821 660 eorum
852 619 919 660 lib.

243 706 356 754 4221
407 710 444 750 d.
476 709 516 749 S.
547 710 573 750 i.
604 710 655 750 M.
682 712 690 764 Ι
716 723 790 763 pro
821 711 946 751 salute
976 709 1260 766 inclolumitate
1288 693 1342 751 M.
1373 712 1492 751 Aure.
1519 710 1527 764 Ι
1554 707 1775 767 Timot[he]i
1805 717 1845 751 et

130 778 226 818 Aur.
243 778 408 831 Mlaximi
438 786 571 819 votum
604 777 862 834 nunlcupavit
891 779 1084 831 solvitque
1110 778 1116 834 Ι
1144 778 1343 831 Euthyces
1373 791 1510 819 eorum
1540 778 1608 818 lib.
1635 776 1643 832 Ι
1669 779 1844 819 Retulit)

245 845 358 888 Apuli
381 848 420 878 in
443 845 560 878 Dacia
585 856 659 888 rep.
685 846 760 887 (ΙΙΙ
779 846 875 880 4409.
897 846 981 880 4440
1006 845 1100 878 vidit
1114 845 1306 878 Mommsen
1316 854 1327 887 ,·
1350 846 1489 888 prioris
1511 847 1734 879 monumenti
1756 848 1844 878 ima-

125 904 248 945 ginem
265 902 365 935 dedit
381 902 533 936 Cumont
555 906 780 936 monuments
796 904 898 936 relat.
915 913 994 937 ausc
1009 900 1183 946 mysteree
1204 902 1247 935 de
1263 902 1400 935 Mithra
1416 902 1454 935 11
1471 913 1507 945 p.
1523 902 1593 936 509
1614 901 1680 945 fig.
1697 901 1787 947 467).
1800 921 1843 927 -

134 959 167 1001 1)
191 956 341 998 Referre
365 959 457 992 idem
482 970 554 992 esse
578 960 675 1002 quod
697 961 832 993 iterare
856 957 922 1003 (cf.
939 969 1051 1003 supra
1068 957 1114 993 N.
1130 959 1232 1000 4454)
1258 961 1411 992 coniecit
1435 959 1628 992 Mommsen
1634 967 1650 1002 ‚·
1673 959 1754 992 ideo
1779 959 1845 991 Ιιοο

130 1015 343 1047 vocabulum
367 1016 485 1048 abesse
510 1026 532 1048 a
556 1014 602 1049 N.
618 1015 721 1051 4220.
758 1015 831 1049 Sed
852 1015 900 1054 ef.
924 1015 982 1048 111
1003 1015 1038 1048 S.
1056 1015 1156 1048 7925.

242 1105 359 1153 4222
406 1107 444 1147 d.
468 1108 493 1147 i.
515 1107 567 1148 M.
595 1105 602 1162 Ι
628 1107 671 1147 L.
694 1108 802 1160 Sept.
825 1105 1046 1162 Casisianus
1075 1108 1149 1160 sig.
1176 1106 1183 1156 Ι
1209 1107 1285 1159 leg.
1306 1107 1416 1147 llllll
1438 1108 1549 1156 His.¹‚
1577 1106 1582 1162 Ι
1610 1120 1732 1161 agens
1762 1108 1801 1148 in
1835 1106 1841 1154 1

130 1176 254 1216 lustro
285 1175 329 1215 Ρ.
356 1174 363 1230 Ι
390 1175 507 1216 Porci
538 1175 671 1216 Fausti
699 1173 706 1229 Ι
731 1189 770 1229 p.
801 1175 859 1229 p.²
886 1189 922 1215 v.
954 1189 994 1229 p.
1026 1176 1052 1215 l.
1083 1189 1135 1215 m.

247 1241 358 1276 Aielli
381 1240 508 1286 (prope
523 1241 747 1287 Aquileiam)
773 1241 828 1287 (C.
841 1242 869 1276 I.
886 1242 927 1276 L.
944 1243 1060 1286 suppl.
1078 1241 1158 1275 Ital.
1176 1242 1196 1275 1
1209 1243 1273 1276 465
1297 1243 1391 1276 vidit
1413 1243 1524 1287 Pais).
1572 1243 1769 1276 persimilis
1792 1246 1845 1276 est

130 1300 224 1333 aller
247 1299 375 1332 titulus
397 1299 483 1331 item
500 1298 657 1332 Mithrae
681 1298 869 1332 dedicatus
895 1299 934 1333 V
942 1300 1019 1339 808,
1044 1301 1202 1342 scriptus
1225 1302 1266 1332 ul
1288 1300 1431 1333 videtur
1454 1301 1652 1342 imperante
1668 1300 1844 1345 Philippo,

129 1355 174 1389 de
196 1366 266 1398 quo
290 1355 388 1389 dixit
406 1355 718 1389 Domaszewskius
740 1356 842 1389 areli.
867 1366 919 1398 ep.
939 1354 1054 1389 Miuh.
1081 1366 1148 1388 aus
1173 1356 1325 1392 vestm.
1341 1356 1394 1398 46,
1418 1357 1507 1391 4895
1528 1367 1565 1400 p.
1580 1357 1648 1398 20;
1672 1355 1720 1395 ef.
1737 1366 1843 1399 prae-

129 1415 226 1445 terea
255 1411 388 1446 W'estd.
408 1411 747 1454 Korrespondenzbl.
762 1412 852 1446 4898
870 1423 908 1456 p.
925 1413 999 1447 454.
1012 1431 1058 1436 -
1084 1414 1116 1455 1)
1141 1412 1307 1455 Signifer
1331 1413 1484 1456 legionis
1506 1417 1629 1447 sextae
1653 1413 1844 1455 Hispanae.

128 1469 263 1504 Eadem
288 1470 380 1512 legio
405 1469 549 1502 videtur
572 1471 766 1502 memorari
788 1471 829 1502 in
853 1470 974 1512 tegula
999 1469 1153 1512 quadam
1177 1469 1317 1503 Dacica
1341 1470 1397 1503 111
1419 1471 1676 1512 4652=8069,
1700 1468 1747 1509 cll
1770 1469 1844 1502 Do·

127 1525 338 1560 maczewski
362 1525 702 1568 Konespondenzbl.
727 1526 749 1559 l.
767 1535 796 1560 c.
818 1536 854 1569 p.
872 1526 936 1560 454
959 1529 1032 1559 not.
1054 1527 1101 1568 2,·
1135 1525 1218 1559 111111
1242 1537 1367 1560 errore
1390 1528 1545 1560 incisum
1567 1538 1641 1559 esse
1667 1537 1735 1569 pro
1762 1525 1843 1559 VIIll

126 1586 233 1627 putat
247 1583 408 1618 Momm-t.
424 1601 471 1607 —
493 1583 528 1625 2)
552 1583 808 1626 fflmipilam‘s.
856 1583 899 1616 In
922 1583 1034 1616 simili
1057 1582 1163 1616 tilulo
1189 1583 1223 1616 V
1234 1585 1302 1617 808
1326 1587 1377 1616 est
1400 1593 1506 1627 agens
1530 1584 1564 1617 in
1589 1583 1697 1625 lus[t].
1716 1583 1765 1617 Fl.
1783 1582 1844 1616 Sa·

127 1639 200 1674 bini
225 1650 259 1682 p.
275 1651 308 1682 p.
334 1643 398 1674 cet.

242 1730 357 1777 4223
406 1732 489 1772 Soli
518 1733 664 1772 invicto
693 1730 699 1786 Ι
726 1733 890 1772 Mithrae
915 1734 922 1783 Ι
949 1732 1133 1773 Tiberius
1164 1730 1360 1788 Claudilus
1389 1733 1522 1773 Tiberi
1553 1733 1656 1774 filius
1683 1731 1689 1788 Ι
1716 1733 1842 1773 Ther·

130 1800 299 1840 modon¹
326 1798 332 1855 Ι
359 1800 560 1852 spelaeum
582 1813 672 1840 cum
701 1799 706 1854 Ι
732 1801 856 1853 signis
876 1807 916 1840 et
934 1812 1000 1840 ara
1028 1799 1034 1854 Ι
1060 1801 1282 1853 ceterisque
1310 1798 1316 1854 Ι
1342 1802 1420 1841 voti
1441 1813 1606 1853 compos
1633 1800 1639 1855 Ι
1665 1802 1784 1841 dedit.

243 1866 387 1899 Ficulle
415 1868 500 1908 agri
532 1867 717 1900 Orvielani
750 1866 827 1911 (XI
847 1868 936 1901 2684
969 1867 1154 1900 Bormann
1183 1867 1277 1900 vidit
1301 1867 1495 1911 eclypum).
1532 1887 1574 1892 —
1615 1870 1647 1909 1)
1671 1868 1765 1901 Idem
1790 1871 1843 1900 est

127 1933 238 1966 supra
263 1922 308 1956 N.
323 1923 425 1957 5688.

243 2011 359 2060 4224
407 2014 444 2053 d.
467 2013 507 2053 S.
527 2014 553 2053 i.
574 2013 626 2053 M.
653 2013 660 2067 Ι
687 2014 729 2054 Ρ.
751 2014 848 2054 Acil.
871 2011 1119 2068 Pisolnianus
1147 2020 1259 2066 pater
1285 2013 1291 2067 Ι
1318 2016 1517 2066 patratus¹
1548 2015 1616 2067 qui
1646 2016 1722 2056 hoc
1750 2028 1841 2068 spe-

130 2082 237 2123 leum
265 2080 271 2135 Ι
296 2082 346 2121 vii
372 2085 458 2129 (sic)
491 2082 595 2133 ignis
618 2080 855 2134 abisumtum
887 2077 1122 2136 comlparata
1152 2094 1242 2122 area
1270 2094 1292 2121 a
1321 2095 1365 2123 re
1392 2081 1397 2137 Ι
1425 2083 1534 2135 publ.
1557 2083 1711 2123 Mediol.
1740 2081 1746 2137 Ι
1771 2096 1841 2136 pe-

130 2150 248 2190 cunia
277 2162 347 2190 sua
373 2148 379 2203 Ι
407 2149 591 2190 restituit.

245 2216 445 2250 Mediolani
468 2215 522 2261 (V
539 2216 627 2249 5795
651 2216 743 2249 vidit
765 2215 988 2258 Mommsen).
1011 2235 1057 2240 —
1090 2217 1123 2259 1)
1149 2215 1203 2256 Cf.
1226 2227 1336 2260 supra
1361 2216 1407 2251 Ν.
1423 2218 1523 2251 4209.

243 2306 357 2354 4225
407 2308 431 2348 i.
462 2308 514 2347 M.
548 2307 554 2363 Ι
591 2307 793 2359 spelaeum
833 2320 923 2348 cum
959 2306 966 2363 Ι
1000 2321 1119 2348 omne
1154 2307 1344 2364 impenlsa
1377 2310 1543 2350 Hermes
1573 2309 1614 2350 C.
1650 2307 1657 2363 Ι
1692 2309 1842 2350 Antoni

131 2377 220 2418 Rufi
248 2374 254 2432 Ι
280 2378 405 2430 praes.
437 2377 538 2417 veh.²
570 2373 640 2431 etl
669 2375 786 2415 cond.
817 2388 856 2428 p.
887 2376 946 2428 p.²
974 2374 982 2431 Ι
1006 2389 1083 2417 ser.
1114 2377 1216 2417 vilic.
1247 2375 1482 2432 Fui-tulum.⁸
1511 2377 1617 2418 fecit.

244 2442 328 2477 Non
356 2444 463 2486 longe
492 2454 514 2476 a
546 2442 673 2485 Zengg
706 2441 838 2485 oppido
869 2452 953 2476 orae
983 2443 1189 2477 Dalmatiae
1219 2455 1295 2487 rep.
1326 2443 1402 2487 (111
1427 2444 1464 2478 S.
1490 2444 1603 2478 45285
1635 2442 1843 2483 Hirschfeld

130 2500 224 2535 vidit
239 2499 435 2546 eclypum).
453 2519 491 2525 —
523 2501 556 2542 1)
580 2497 760 2539 Praefecti
783 2499 1047 2543 vehiculorum,
1080 2502 1114 2543 2)
1138 2500 1369 2534 conductoris
1388 2500 1527 2543 publici
1539 2502 1709 2543 portarii.
1743 2499 1840 2534 Nota

125 2555 399 2602 praefecturam
423 2557 668 2590 vehiculorum
692 2557 732 2588 in
757 2555 1006 2589 conductorem
1027 2558 1187 2599 portoria·
1214 2557 1392 2590 collatam.
1444 2556 1541 2589 Idem
1565 2556 1763 2590 conductor
1789 2560 1843 2590 est

130 2612 234 2653 infra
259 2612 305 2647 Ν.
324 2611 460 2659 424415,
495 2614 582 2646 ilem
607 2612 661 2646 ΙΙΙ
682 2612 780 2645 5447.
802 2612 915 2652 5422,
945 2614 1030 2645 item
1061 2614 1120 2653 (ut
1141 2615 1293 2655 agnovit
1316 2613 1445 2647 Patsclz
1467 2611 1585 2647 Roem.
1610 2612 1726 2647 uiue.
1750 2614 1842 2648 4895

128 2680 165 2714 p.
181 2669 259 2714 497)
286 2669 318 2703 V
332 2670 402 2703 820
426 2669 560 2715 (minus
585 2673 719 2703 certum
743 2673 806 2712 est,
831 2668 980 2702 eundem
1002 2671 1197 2703 memorari
1219 2671 1259 2702 in
1275 2669 1382 2703 tilulo
1405 2671 1540 2712 scripto
1564 2679 1660 2703 anno
1673 2680 1709 2713 p.
1729 2670 1764 2704 C.
1777 2670 1842 2704 457

130 2726 189 2759 111
208 2726 306 2768 4568,
330 2726 428 2770 quod
449 2726 565 2759 voluit
587 2727 714 2759 Puteoli
739 2726 761 2759 l.
779 2729 838 2766 c.).
862 2743 908 2749 -—
931 2727 966 2767 3)
990 2724 1293 2758 Fortunatianm.

243 2815 359 2864 4226
397 2818 471 2859 deo
493 2819 575 2859 Soli
604 2819 752 2859 invicto
774 2817 939 2858 Mitrhe¹
966 2816 972 2871 Ι
1000 2815 1058 2856 Fl.
1080 2816 1295 2870 Septimius
1314 2816 1492 2858 Zosimus
1519 2829 1555 2858 ν.
1576 2816 1648 2870 p.²‚
1675 2814 1682 2872 Ι
1707 2829 1840 2857 sacer-

129 2884 205 2926 dus
229 2890 315 2934 (sic)
346 2886 408 2926 dei
439 2885 690 2927 brontontis⁸
717 2883 723 2940 Ι
750 2893 789 2926 et
819 2887 975 2933 Aecae,
1007 2885 1083 2925 hoc
1111 2885 1288 2938 speleum
1316 2882 1322 2939 Ι
1349 2884 1567 2925 constituit.

243 2950 375 2986 Romae
400 2952 472 2997 (VI
490 2953 561 2988 755
591 2953 760 2987 viderunt
783 2952 940 2986 Smelius
963 2951 1125 2995 aliique).
1160 2970 1207 2976 —
1243 2953 1277 2994 1)
1302 2950 1436 2995 Mytrhe
1469 2951 1557 2994 leg-it
1579 2951 1772 2985 lut-unaue.
1795 2969 1839 2976 --

132 3008 168 3050 2)
192 3008 260 3042 Vir
280 3007 574 3052 perfeetieeimus.
596 3028 644 3035 —
667 3011 701 3052 3)
724 3009 830 3043 Alius
853 3009 1021 3042 sacerdot
1045 3008 1103 3041 dei
1126 3009 1327 3042 branteniis
1349 3010 1401 3040 est
1427 3007 1480 3042 VI
1498 3008 1599 3041 2244.
