2092 3360
756 156 870 194 Tituli
894 155 1120 204 pertinentes
1148 155 1196 192 ad
1218 155 1336 192 ludos.
1819 157 1900 195 291

188 271 454 332 indu19]entia
492 286 603 315 sacra
644 273 866 327 specialiter
902 272 1048 312 meruit
1084 277 1122 312 at
1161 271 1310 312 cultum
1353 269 1359 325 Ι
1403 268 1570 328 [epulum
1601 275 1905 325 instructumque

190 342 452 400 a]mplissimo
484 348 670 396 apparatu
703 341 807 382 cives
838 353 931 381 suos
961 340 1167 381 universos
1193 337 1199 395 Ι
1229 336 1286 396 [ut
1314 347 1475 381 vocaret.
1524 340 1597 382 Cui
1624 354 1710 382 cum
1736 340 1903 394 populus

187 409 360 468 propter]
401 412 625 464 voluptates
663 410 830 450 honeste
861 408 1051 448 exhibitas
1081 408 1127 447 ad
1159 409 1378 461 augendam
1415 407 1420 463 Ι
1460 405 1613 463 [optimi
1639 411 1720 450 viri
1744 409 1904 450 honori-

189 483 381 535 ficentiam
410 475 760 535 frequ]entissimis
791 477 952 518 vocibus
993 475 1102 529 bigas
1132 477 1381 517 centuriatim
1423 476 1429 532 Ι
1474 473 1738 533 [postulasset.
1779 485 1906 518 motus

191 545 434 606 verecJundia
466 548 571 600 quod
604 553 707 587 esset
736 545 890 586 duabus
920 544 1034 597 bigiis
1058 551 1147 591 (sic)
1179 551 1218 584 et
1247 545 1464 597 equestrib.
1492 544 1498 601 Ι
1535 542 1690 601 [statuis
1718 543 1905 596 tribusfl)

192 621 272 658 iam
302 613 480 672 donatus]
514 644 753 656 ........

309 685 482 717 Panormi
506 682 558 726 (Χ
569 682 658 717 7295
682 681 775 714 vidit
791 680 1012 724 Mommsen).
1031 698 1076 704 —
1103 681 1135 722 1)
1158 680 1282 722 Initio,
1306 683 1391 714 item
1414 682 1454 713 in
1477 680 1550 721 sine
1573 681 1686 714 multa
1709 682 1909 724 perierunt,

194 752 274 775 oum
298 753 344 775 οτι
368 742 483 774 tribus
506 743 608 773 saxis
631 740 737 772 iuxta
758 739 889 782 positis
913 737 1066 771 medium
1091 739 1230 770 tantum
1254 739 1409 780 supersit
1434 736 1558 782 (idque
1582 738 1840 782 imminutum).
1864 756 1907 763 —

195 800 229 841 2)
255 796 310 838 Cf.
335 797 380 831 Ν.
396 798 486 831 5062
511 800 586 831 not.
602 797 633 830 6.
657 814 701 820 -
726 796 762 837 3)
787 795 892 835 Haec,
922 796 965 827 ut
987 797 1022 826 et
1041 793 1214 837 pleraque
1237 795 1376 837 reliqua
1400 794 1579 838 supplevit
1602 795 1807 830 Mommsen.

311 888 425 935 5056
480 889 524 929 L.
547 887 683 928 Vibius
713 887 882 927 Severus
909 884 914 941 Ι
941 885 1086 934 aedilis,
1128 885 1262 926 llllvir
1290 887 1385 939 qq.¹,
1412 886 1418 941 Ι
1445 887 1676 940 splendidus
1706 899 1768 939 eq.
1795 885 1803 941 Ι
1829 887 1909 926 Ro-

198 971 351 1007 manus,
390 954 594 1012 patroinus
633 955 798 996 civitatis
828 952 1261 1008 Supelraequanorum‚
1301 955 1394 995 item
1435 953 1441 1010 Ι
1483 961 1677 1007 patronus
1706 951 1907 1010 civitatis)

198 1027 410 1068 Anxatium
442 1025 667 1065 Frentanor
700 1022 706 1078 Ι
748 1028 788 1063 et
816 1022 1096 1062 Peltuinatium
1128 1022 1276 1063 Vestin.
1316 1022 1322 1074 Ι
1363 1023 1436 1063 Hic
1467 1023 1517 1063 ob
1553 1023 1745 1064 honorem
1777 1023 1911 1064 aedili-

198 1092 303 1151 taltis
332 1094 376 1134 L.
399 1093 485 1133 Vibi
512 1088 690 1148 Ru[tn·]1i²
718 1091 773 1131 fili
803 1090 863 1131 sui
890 1089 898 1143 Ι
923 1103 985 1142 eq.
1015 1090 1062 1130 R.
1092 1096 1131 1130 at
1161 1090 1272 1131 deam
1304 1091 1476 1131 Pelinam
1509 1089 1673 1147 pfilmus
1702 1092 1796 1132 huic
1824 1091 1913 1131 loco

198 1159 462 1217 venatiolnem
496 1161 628 1209 edidit,
667 1159 856 1211 deinceps
885 1158 1000 1199 ludos
1027 1156 1032 1213 Ι
1059 1155 1319 1213 sol[l]emnes.
1364 1159 1409 1199 L.
1441 1160 1577 1201 Vibius
1607 1160 1739 1213 Nepos
1764 1159 1770 1215 Ι
1799 1159 1914 1208 filius,

202 1231 306 1278 aed.,
339 1229 482 1269 llllvir.
514 1229 590 1268 iur.
620 1227 673 1275 d„
713 1239 776 1279 eq.
808 1227 869 1275 R„
906 1225 913 1281 Ι
946 1233 1140 1280 patronus
1170 1226 1349 1275 civitatis,
1386 1228 1436 1268 ob
1473 1226 1479 1282 Ι
1514 1241 1661 1268 nomen
1693 1228 1824 1269 fratris
1853 1228 1914 1269 sui

202 1297 371 1354 tifltulum
403 1296 564 1350 publice
593 1293 746 1351 dicalvit
765 1295 980 1335 Aureliano
1001 1295 1101 1347 Aug.
1129 1292 1135 1349 Ι
1163 1302 1201 1335 et
1221 1294 1341 1335 Basso
1362 1295 1397 1335 Π
1428 1296 1537 1345 cos.³,
1567 1296 1653 1337 XVI
1673 1296 1750 1336 kal.
1772 1296 1859 1336 Iun.

315 1365 358 1398 In
394 1374 484 1406 agro
516 1363 770 1406 Paelignorum
808 1362 885 1395 loeo
917 1362 1012 1396 dieto
1042 1361 1215 1401 Secinaro
1253 1361 1327 1403 (IX
1345 1363 1437 1397 5514
1473 1365 1529 1396 ter·
1557 1363 1736 1406 descripta
1765 1362 1919 1396 saeculis

201 1423 477 1466 superioribus).
495 1439 539 1444 —
564 1421 596 1462 1)
614 1419 853 1461 Quattuor-vir
870 1419 1148 1462 quinquennalis
1166 1418 1336 1462 (Corfinii
1350 1422 1393 1452 ut
1406 1420 1580 1464 videtur).
1595 1438 1640 1444 -
1664 1421 1699 1462 2)
1717 1420 1919 1462 Cognomen

202 1481 391 1513 incertum.
413 1496 459 1502 —
484 1478 519 1520 3)
543 1477 586 1510 A.
609 1477 687 1510 274.

319 1557 434 1603 5057
473 1556 519 1596 T.
541 1555 740 1595 Anchario
771 1555 816 1595 T.
838 1556 865 1595 f.
889 1555 971 1596 Pal.
992 1556 1129 1596 Prisco
1160 1556 1286 1604 aedil„
1318 1563 1483 1609 quaest,
1514 1557 1636 1604 Ilvir.,
1668 1563 1819 1610 quaest.
1850 1557 1920 1596 ali-

206 1633 448 1668 mentorum.
507 1623 610 1664 Huic
630 1624 758 1677 primo
790 1624 900 1664 llvir.
921 1624 1011 1677 biga
1042 1624 1168 1677 posita
1196 1624 1247 1665 ob
1269 1626 1430 1666 eximias
1460 1625 1714 1666 liberalitates
1737 1631 1777 1665 et
1796 1625 1921 1665 abun-

208 1694 460 1736 dantissimas
490 1693 530 1732 in
563 1691 786 1744 exemplum
819 1692 1050 1745 largitiones
1086 1699 1124 1733 et
1154 1694 1259 1744 quod
1291 1706 1338 1734 ex
1368 1694 1615 1746 indulgentia
1644 1695 1759 1747 Aug.¹
1799 1695 1922 1734 octies

208 1762 480 1817 spectaculum
509 1761 712 1814 gladiator.
745 1760 924 1809 ediderit,
955 1760 1124 1813 amplius
1154 1760 1269 1801 ludos
1293 1761 1504 1802 FIorales’.
1567 1762 1627 1803 Ob
1658 1762 1756 1802 haec
1784 1762 1923 1801 merita

210 1831 323 1885 plebs
362 1830 514 1871 urbana
547 1860 556 1869 .
590 1859 600 1868 .
633 1859 642 1868 .
676 1829 702 1868 ‚⁸
761 1828 881 1868 Cuius
920 1828 1167 1869 dedicatione
1206 1828 1251 1868 T.
1291 1830 1512 1870 Ancharius
1551 1829 1777 1870 Priscianus
1821 1830 1925 1870 filius

210 1899 357 1946 aedilis,
389 1902 588 1950 quaestor,
618 1896 831 1936 adsedente
859 1903 973 1948 patre
1002 1897 1260 1949 gladiatorum
1291 1897 1400 1949 paria
1421 1897 1556 1937 decem
1588 1894 1776 1952 ad[iJecta
1804 1910 1924 1938 vena-

211 1969 323 2008 tione
351 1966 525 2019 legitima
554 1964 688 2004 edidit.
739 1963 782 2003 L.
805 1963 842 2003 d.
865 1965 902 2004 d.
923 1965 961 2004 d.

327 2033 474 2066 Pisauri
497 2030 567 2075 (XI
585 2030 674 2064 6557
698 2045 742 2057 =
775 2029 879 2065 Orell.
895 2032 986 2065 2545
1008 2031 1116 2064 semel
1137 2031 1318 2074 descripta
1340 2042 1432 2064 saec.
1448 2031 1542 2074 XV).
1592 2032 1767 2066 Ver-suum
1795 2032 1927 2066 divisio

214 2093 355 2124 incerta
378 2091 441 2122 est.
477 2106 523 2112 —
560 2088 592 2129 1)
619 2085 673 2126 Cf.
697 2085 744 2121 Ν.
759 2087 851 2121 5062
875 2091 951 2121 not.
965 2089 996 2121 6.
1031 2106 1077 2112 ——
1113 2088 1147 2129 2)
1172 2086 1348 2121 Similiter
1373 2087 1494 2121 Cirtae
1516 2091 1753 2131 magistratus
1779 2089 1927 2132 quidam

216 2151 250 2180 et
281 2147 355 2179 alia
387 2146 524 2179 civibus
552 2145 628 2176 suis
652 2146 840 2186 praestitit
869 2148 904 2176 et
935 2143 1024 2178 diem
1055 2143 1212 2178 ludorum
1237 2143 1421 2178 Floralium
1447 2144 1557 2184 (VIII
1575 2147 1690 2187 6958).
1740 2145 1795 2186 Cf.
1818 2147 1928 2179 etiam

216 2205 367 2238 Hettner
402 2201 531 2235 Westd.
558 2200 899 2244 Korrespondenzbl.
922 2201 1008 2234 4890
1036 2212 1072 2244 p.
1096 2201 1162 2234 247
1193 2201 1243 2234 ad
1271 2202 1416 2234 titulum
1447 2203 1532 2245 agri
1559 2201 1795 2236 Treverorum
1822 2202 1926 2244 infra

217 2261 364 2294 editum.
418 2259 472 2291 De
506 2258 600 2292 ludis
628 2257 837 2291 Floralibus
864 2258 1016 2290 urbanis
1047 2257 1096 2297 ef.
1129 2257 1164 2292 0.
1190 2258 1217 2292 I.
1242 2257 1283 2292 L.
1307 2258 1328 2291 1
1348 2258 1403 2293 ed.
1424 2259 1447 2291 2
1470 2269 1505 2302 p.
1521 2259 1599 2294 547.
1634 2279 1679 2284 -
1711 2261 1745 2302 3)
1776 2259 1929 2294 Lacuna

215 2317 423 2360 significata
454 2318 533 2348 erat
561 2317 600 2347 in
624 2314 846 2357 apographo.

333 2407 449 2455 5058
506 2408 550 2448 L.
582 2406 749 2460 Egnatio
780 2405 946 2446 Invento
987 2404 993 2461 Ι
1034 2407 1135 2460 patri
1165 2407 1210 2447 L.
1241 2407 1384 2460 Egnati
1414 2409 1513 2449 Polli
1549 2407 1555 2464 Ι
1595 2410 1707 2459 Rufi,
1745 2411 1930 2451 honorati

221 2491 325 2532 equo
355 2490 394 2530 p.
422 2475 428 2531 Ι
464 2475 513 2516 ab
544 2474 815 2529 imperatorib.
846 2475 1051 2515 Antonino
1079 2472 1085 2527 Ι
1121 2482 1160 2515 et
1190 2475 1292 2515 Vero
1323 2477 1422 2529 Aug.
1458 2476 1463 2531 Ι
1499 2477 1573 2517 Hic
1604 2477 1813 2519 obliterato
1844 2491 1931 2519 mu-

225 2546 330 2587 ueris
359 2544 547 2598 spectac.¹
589 2544 595 2595 Ι
636 2543 842 2595 impetrata
884 2542 1057 2582 editione
1095 2543 1144 2583 ab
1183 2544 1410 2596 innulgen.²
1434 2549 1518 2592 (sic)
1559 2545 1566 2598 Ι
1607 2558 1708 2588 max.
1739 2542 1932 2599 principis

223 2615 327 2655 diem
356 2613 616 2666 gladiatorum
644 2610 649 2665 Ι
685 2617 724 2650 et
755 2622 873 2650 omne
904 2617 1135 2663 apparatum
1164 2613 1333 2665 pecunia
1363 2624 1432 2652 sua
1467 2611 1472 2667 Ι
1509 2613 1641 2654 edidit.
1677 2612 1682 2669 Ι
1725 2614 1864 2655 Coloni
1894 2623 1934 2656 et

225 2682 377 2723 incolae
413 2680 420 2735 Ι
455 2680 506 2721 ob
539 2679 847 2720 munificentiam
880 2679 977 2719 eius.
1012 2677 1019 2732 Ι
1060 2679 1102 2719 L.
1134 2679 1171 2719 d.
1201 2680 1238 2719 d.
1269 2680 1306 2720 d.
1343 2689 1402 2734 (ln
1426 2690 1553 2735 latere)
1586 2677 1763 2737 [eJditum
1795 2682 1865 2723 Xll
1896 2684 1933 2723 k.

226 2750 350 2803 April.
381 2749 494 2790 Claro
531 2755 570 2788 et
602 2746 747 2799 cetego
784 2746 881 2787 cos-³
920 2755 1059 2796 (1‘nl'ra.·
1096 2758 1418 2800 amphitheatrum,
1450 2760 1553 2791 cuim
1584 2765 1759 2803 apparent
1784 2762 1935 2804 gradus,

226 2815 418 2858 fenestrae,
445 2818 595 2858 portae;
630 2815 728 2846 intus
755 2812 983 2856 gladiatores
1013 2813 1083 2846 duo
1110 2814 1344 2858 pugnantes).
1392 2813 1450 2859 (In
1475 2814 1590 2848 altero
1621 2816 1732 2850 latere
1762 2818 1834 2851 duo
1854 2818 1936 2860 gla-

229 2873 387 2906 diatores
411 2870 643 2916 pugnanter.)

331 2939 447 2974 Roeca
463 2938 616 2972 Bainola
631 2948 744 2981 prope
760 2938 922 2971 Abellam
941 2937 1167 2980 Campaniae,
1183 2939 1258 2971 iam
1274 2938 1419 2972 Abellae
1437 2937 1488 2982 (X
1501 2939 1587 2974 4244
1603 2940 1698 2973 vidit
1715 2940 1935 2986 Mommsen).

231 3015 276 3020 —
301 2998 334 3039 1)
358 2995 568 3040 Spectacula
601 2994 794 3039 (intellege,
825 3005 903 3028 cum
927 2993 1183 3037 spectaculum,
1216 2998 1258 3028 ut
1280 2998 1331 3028 est
1353 2995 1388 3029 X
1406 2997 1510 3039 5298,
1540 3000 1716 3030 vetustate
1739 3000 1937 3042 temporum

232 3052 478 3086 oblitteratum
502 3052 619 3096 esset).
643 3071 687 3076 —
712 3053 748 3094 2)
772 3051 1014 3094 Indulgentia.
1056 3049 1109 3091 Cf.
1134 3050 1179 3084 N.
1193 3052 1283 3086 5062
1307 3055 1381 3085 not.
1395 3053 1427 3087 6.
1454 3072 1495 3077 -
1520 3054 1554 3095 3)
1577 3054 1620 3088 A.
1638 3053 1711 3087 470.

1602 3133 1670 3167 19*
