2092 3360
525 139 641 177 Tituli
665 149 816 187 operum
838 139 1074 186 locorumque
1097 139 1339 186 publicorum.
1366 160 1407 165 —
1440 140 1590 177 Balnea..
1813 140 1895 179 407

183 257 331 299 mima,
347 258 390 289 ut
405 255 490 289 calls
505 256 648 289 exactio
665 257 731 288 aut
745 256 999 288 institueretur
1014 257 1079 288 aut
1094 257 1303 298 augeretur.
1316 274 1363 280 —
1386 256 1420 298 2)
1440 254 1654 291 Centesimis.
1667 274 1713 282 —
1729 254 1898 290 Thermae

185 318 220 348 et
248 313 380 347 balinea
404 315 444 346 in
469 311 575 345 titulo
603 311 765 346 Comensi
787 321 889 354 quem
910 309 1014 351 infra
1040 311 1202 345 dabimus
1227 313 1321 344 inter
1344 313 1580 356 municipales
1606 311 1667 357 (=
1682 313 1721 348 V
1726 313 1846 358 5279).

300 391 414 438 5687
468 393 655 433 balneum
686 393 944 433 Aurelianum
984 405 1031 432 ex
1070 392 1302 433 liberalitate
1339 391 1345 447 Ι
1386 393 1480 446 imp.
1513 392 1622 434 Caes.
1662 393 1712 433 Μ.
1742 394 1898 434 Aureli¹

187 462 243 502 Pii
267 462 346 503 Fel.
368 462 481 514 Aug„
509 459 515 517 Ι
542 467 691 502 servata
712 460 958 514 indulgentia
980 461 1174 514 pecuniae
1204 462 1301 510 eius,
1330 461 1335 516 Ι
1364 474 1481 515 quam
1511 461 1609 503 deus
1638 461 1900 503 Aurelianus²

187 536 450 579 concesserat,
478 528 483 585 Ι
512 530 611 570 facta
651 541 859 570 usurarum
900 529 1106 570 exactione
1133 528 1139 584 Ι
1166 536 1331 570 curante
1371 530 1494 570 Statio
1523 530 1675 571 Iuliano
1706 543 1742 571 v.
1764 543 1798 571 e.
1829 543 1899 572 cu-

189 606 320 640 ratore
346 599 352 654 Ι
380 611 445 639 res
475 594 543 654 [μ]
576 598 726 638 refecit.

303 666 477 700 Caesenae
512 665 581 710 (XI
601 666 669 700 556
700 666 754 698 bis
777 668 821 699 ut
842 665 986 699 videtur
1010 665 1189 709 descripta
1213 675 1305 700 saec.
1328 663 1424 709 XV).
1460 684 1506 689 -
1543 666 1575 708 1)
1604 666 1713 699 Probi
1736 665 1793 699 vel
1816 665 1902 700 Gari

186 734 314 756 nomen
338 724 405 757 Ιιοο
428 722 506 756 loeo
528 720 642 763 fuisse
664 722 728 755 sed
749 723 951 766 antiquitus
974 732 1134 765 erasum,
1164 721 1315 755 lituram
1339 733 1361 755 a
1388 721 1668 765 descriptoribus
1691 723 1900 766 neglectam,

187 781 342 813 coniecit
366 779 568 813 Mommsen.
592 798 638 804 —
667 780 701 821 2)
726 778 780 818 Gt:
804 789 915 821 supra
938 777 985 813 N.
999 779 1081 812 585.

302 860 418 906 5688
470 861 512 902 C.
535 861 798 914 Sempronius
829 860 868 900 C.
901 862 927 900 f.
959 859 1042 900 Gal.
1083 860 1396 913 Sempronianus
1432 860 1527 900 llvir
1563 860 1636 910 bis,
1669 858 1675 916 Ι
1707 862 1901 914 pontufex

187 937 354 983 perpet„
376 930 610 983 Sempronia
632 930 757 970 Fusca
778 928 888 969 Vibia
909 927 1074 968 Anicilla
1100 927 1108 977 Ι
1133 928 1224 973 filia,
1256 929 1430 970 thermas
1460 941 1560 982 aqua
1589 928 1780 982 perducta
1810 941 1901 969 cum

188 998 294 1038 silvis
325 999 504 1051 agnuar.¹
531 997 833 1054 {trecentarum
863 996 1031 1049 pecunia
1061 995 1323 1049 impensaque
1352 1010 1422 1038 sua
1454 998 1564 1038 omni
1594 997 1631 1037 d.
1659 997 1697 1037 d.

302 1065 390 1098 Iaen
405 1067 445 1099 in
461 1065 675 1107 Andalusia,
687 1066 750 1098 ubi
763 1063 838 1104 fuit
853 1064 1090 1106 municipium
1102 1064 1348 1107 Aurgitanum
1362 1064 1420 1108 (II
1430 1065 1519 1099 5564
1537 1065 1632 1098 vidit
1647 1065 1839 1109 Huebner).
1855 1084 1902 1088 —-

193 1122 226 1163 1)
253 1120 308 1162 Cf.
333 1121 453 1156 Varro
478 1123 519 1155 de
542 1133 573 1156 r.
589 1133 622 1156 r.
637 1122 669 1164 4,
685 1121 738 1164 40,
755 1122 799 1164 2,·
825 1119 1005 1154 Columell.
1021 1121 1055 1162 5,
1071 1120 1103 1162 4,
1117 1121 1152 1155 5.

303 1201 416 1248 5689
473 1205 519 1244 T.
550 1204 608 1244 Fl.
645 1204 758 1244 Avito
798 1203 804 1259 Ι
847 1203 1013 1243 Forensi
1052 1199 1173 1257 ll'vir.
1211 1202 1298 1242 iter.
1339 1215 1424 1255 qq„
1466 1204 1615 1244 omnib.
1657 1203 1664 1256 Ι
1704 1204 1902 1245 munerib.

189 1272 327 1312 functo
357 1295 413 1302 -
444 1272 508 1312 hic
543 1269 549 1327 Ι
586 1272 689 1312 idem
721 1271 768 1311 ad
799 1271 996 1312 lavacrum
1035 1269 1223 1327 ballnear.
1253 1270 1446 1324 publicar.
1477 1273 1574 1324 ligni
1613 1272 1620 1329 Ι
1661 1273 1750 1313 duri
1785 1273 1903 1313 vehes

191 1353 229 1379 n.
253 1339 375 1380 CCCC
406 1338 634 1395 enithecae¹
674 1340 836 1380 nomine
866 1340 906 1380 in
939 1336 1190 1394 peripetuum
1222 1338 1386 1387 obtulit,
1424 1340 1475 1380 ita
1502 1339 1508 1395 Ι
1542 1347 1674 1381 tamen
1706 1348 1751 1381 ut
1780 1341 1903 1394 magi-

187 1414 362 1449 stratuus
388 1406 394 1463 Ι
421 1409 647 1461 quodannis
681 1408 944 1449 successorib.
971 1406 977 1462 Ι
1004 1408 1086 1448 suis
1116 1408 1273 1448 tradant
1291 1432 1361 1457 —‚
1397 1408 1477 1448 filio
1504 1408 1509 1459 Ι
1538 1408 1582 1448 Τ.
1605 1408 1662 1448 Fl.
1680 1409 1780 1449 Aviti
1810 1422 1846 1451 v.
1868 1423 1902 1450 e.

188 1483 346 1529 patron.
378 1477 468 1526 eol„
497 1477 503 1530 Ι
529 1477 628 1518 ordo
660 1483 699 1517 et
728 1477 864 1530 popul.
895 1476 1075 1517 Misenat.

302 1543 434 1578 Miseni
455 1554 543 1588 rep„
567 1548 620 1578 est
641 1543 798 1588 Neapoli
821 1544 872 1586 (X
890 1545 981 1579 5678
1005 1544 1097 1577 vidit
1119 1543 1342 1587 Mommsen).
1368 1562 1413 1569 —
1445 1545 1478 1586 1)
1502 1544 1662 1578 Entheca
1688 1547 1739 1577 est
1762 1545 1826 1578 dos
1849 1545 1908 1578 vel

185 1600 369 1644 peculium
390 1601 552 1645 praedii,
575 1601 617 1634 id
636 1604 689 1634 est
707 1602 912 1645 praestatio
937 1601 1114 1644 quaedam
1138 1611 1218 1634 cum
1236 1600 1392 1644 praedio
1416 1602 1682 1644 inperpetuum
1698 1604 1904 1642 coniuncta,

191 1656 238 1697 cf.
255 1657 340 1700 Dig.
357 1659 418 1700 55,
433 1659 465 1699 7,
481 1658 517 1701 2,
532 1658 551 1692 4
561 1666 576 1701 ,·
599 1658 677 1691 cod.
698 1657 729 1691 Τ
726 1658 828 1691 heod.
845 1658 900 1699 45,
917 1658 947 1699 4,
964 1658 1008 1691 42
1026 1659 1124 1698 (cum
1141 1660 1229 1691 nota
1245 1656 1495 1703 Gothol'redi)‚·
1518 1658 1610 1693 Νου.
1627 1659 1713 1693 Just.
1731 1660 1809 1702 428,
1825 1661 1858 1693 8.

305 1746 418 1794 569⁰
476 1750 621 1791 Fabius
651 1751 843 1791 Maximus
876 1762 911 1790 v.
942 1763 974 1793 c.
1010 1747 1016 1805 Ι
1048 1756 1145 1790 rect.
1174 1745 1302 1803 prov.¹
1336 1750 1510 1791 thermas
1536 1751 1542 1806 Ι
1579 1751 1813 1793 Sabinianas
1843 1765 1905 1792 re-

189 1817 333 1864 stituit,
361 1817 368 1872 Ι
400 1824 566 1859 curante
597 1820 736 1860 ordine
766 1817 1085 1872 splendidissimo
1116 1818 1404 1859 Telesinorum.

308 1883 465 1917 Telesiae
489 1884 561 1928 (IX
579 1886 673 1920 2212
698 1886 792 1919 vidit
814 1884 1037 1928 Mommsen).
1061 1904 1106 1909 —-
1132 1886 1166 1925 1)
1192 1884 1247 1924 Cf.
1271 1884 1316 1918 N.
1332 1886 1434 1921 5544.

305 1975 417 2022 5691
467 1977 613 2019 Fabius
633 1978 824 2018 Maximus
843 1991 879 2017 v.
900 1990 950 2026 c.,
980 1983 1078 2017 rect.
1100 1978 1241 2030 proff,
1269 1975 1275 2032 Ι
1301 1979 1472 2018 thermas
1502 1978 1684 2019 Herculis
1714 1979 1749 2019 vi
1778 1986 1905 2019 terrae

192 2060 256 2087 mo
272 2054 335 2088 tus
366 2059 519 2087 eversas
549 2046 721 2087 restituit
750 2058 771 2085 a
802 2045 1083 2086 fundamentis.

310 2113 431 2153 Allz’fis
456 2112 526 2157 (IX
543 2114 641 2148 2558
663 2112 755 2145 vidit
780 2111 999 2156 Mommsen).
1023 2131 1070 2137 —
1096 2114 1127 2154 1)
1154 2111 1207 2152 Cli
1232 2112 1281 2145 ad
1303 2123 1380 2145 eam
1405 2123 1498 2156 quae
1518 2114 1714 2156 praecedit.

307 2204 422 2252 5692
461 2206 652 2258 Septimio
682 2202 858 2260 Rustilco
889 2217 922 2244 ν.
954 2217 1002 2254 c.,
1035 2216 1146 2245 cons.
1178 2203 1328 2258 Camp.,
1355 2203 1362 2259 Ι
1388 2206 1583 2258 provisori
1614 2204 1809 2262 ω’(ὶίΙηίε,ι
1840 2220 1905 2248 re-

193 2275 417 2327 stauratolri
448 2273 704 2322 thermarum,
741 2269 748 2329 Ι
784 2273 834 2313 ob
865 2272 1063 2326 insignem
1095 2273 1283 2330 amolrem
1317 2273 1671 2327 splendildissimus
1701 2276 1798 2315 ordo
1826 2273 1832 2330 Ι
1867 2283 1907 2316 et

194 2340 510 2392 honestissilmus
540 2342 712 2395 populus
738 2342 745 2392 Ι
771 2347 940 2395 patrono
971 2342 1334 2398 praesltantissimo.

306 2409 460 2453 Neapoli
485 2409 536 2452 (X
555 2410 640 2443 4707
662 2408 769 2442 semel
791 2409 970 2452 descripta
993 2419 1085 2442 saec.
1108 2409 1259 2450 XVIII).
1283 2429 1325 2434 -
1355 2410 1387 2450 1)
1414 2408 1467 2448 Cf.
1492 2409 1536 2444 Ν.
1562 2410 1660 2445 4276.

307 2500 421 2548 5693
460 2502 646 2542 balneum
670 2501 832 2542 Veneris
860 2497 989 2558 lon[qi
1011 2498 1223 2557 tempossris
1254 2508 1447 2543 vetustate
1477 2507 1709 2555 corruptum
1737 2500 1744 2556 Ι
1769 2502 1904 2543 1)οωὶ-

193 2572 272 2613 tius
293 2571 531 2612 Severianus
560 2582 594 2610 v.
616 2582 666 2618 c.,
697 2565 841 2624 con[s.]
869 2567 876 2623 Ι
903 2568 1139 2622 Campaniae
1168 2570 1217 2610 ad
1238 2570 1444 2623 pristinam
1466 2570 1606 2610 faciem
1628 2566 1905 2626 [aedifijlcaviu

195 2646 362 2680 curante
392 2641 464 2680 bac
479 2645 563 2686 (sic)
595 2633 828 2693 dedican[te]
869 2635 875 2692 Ι
917 2637 1054 2677 Sentio
1086 2637 1214 2678 Marso
1247 2651 1280 2680 v.
1311 2651 1366 2687 c.,
1405 2639 1547 2678 comite
1577 2635 1830 2695 divin0r[um]
1843 2640 1868 2689 ¹,
1895 2637 1902 2694 Ι

195 2714 378 2749 curatore
409 2707 690 2760 Capuensium,
723 2701 1052 2761 Literni[norum]
1078 2703 1086 2761 Ι
1112 2712 1151 2746 et
1182 2706 1464 2746 Cumanorum.

307 2774 450 2808 Literni
474 2775 635 2815 (Patria)
659 2783 734 2816 rep.
759 2770 869 2817 (Bull.
893 2773 976 2806 ime.
1001 2773 1100 2806 arch.
1125 2773 1212 2807 4883
1226 2784 1262 2816 p.
1281 2773 1323 2807 44
1338 2787 1383 2801 ==
1399 2772 1490 2815 Eph.
1515 2782 1569 2815 ep.
1590 2774 1626 2815 8,
1640 2772 1779 2816 456).-
1793 2774 1826 2815 1)
1841 2773 1905 2807 Co-

194 2832 315 2864 mitem
339 2831 546 2864 divinorum
564 2830 787 2874 palatiorum
811 2828 990 2871 intellegit
1007 2828 1198 2862 Mommsen
1216 2829 1422 2874 (principum
1439 2828 1616 2872 supplevit
1630 2831 1772 2872 pre'mus
1787 2830 1906 2863 editor

196 2886 289 2921 Salv.
315 2887 443 2931 Dino).

312 2978 428 3026 5604
485 2978 924 3021 thermas'maritimas¹
962 2979 1182 3020 intresecus
1212 2979 1429 3020 refectione
1460 2978 1669 3028 cellarum,
1705 2979 1802 3020 foris
1830 2980 1905 3020 soli

197 3046 431 3099 adiectione,
461 3048 552 3089 ddd.
576 3061 676 3088 nnn.
698 3048 842 3089 Valens
873 3048 1083 3089 Gratianus
1114 3052 1153 3087 et
1182 3046 1481 3088 Valentinianus
1511 3048 1644 3090 victor.
1677 3059 1723 3087 ac
1752 3047 1903 3089 triumf.
