2092 3360
211 182 297 219 424
653 189 655 191 ·
948 178 1070 224 Caput
1092 178 1192 214 XIII.

326 294 439 340 5783
489 323 663 333 ......
692 292 697 347 Ι
725 299 764 332 et
783 290 991 348 singn[los]
1026 323 1167 333 .....
1194 291 1210 347 Ι·
1229 292 1466 343 integritatis
1498 324 1670 338 ......
1702 292 1708 349 Ι
1735 296 1802 348 qui
1820 302 1920 338 tem-

212 365 377 418 poribus
407 357 540 416 cura[e
570 357 676 416 suae]
706 358 712 414 Ι
739 360 845 399 inter
876 366 1004 399 cetera
1043 357 1236 415 [beneficia
1266 356 1395 415 eciam]
1425 357 1432 413 Ι
1458 368 1738 403 ornamentum
1768 365 1920 405 moeni-

212 434 285 472 bus
313 429 319 485 Ι
345 437 383 470 et
412 429 576 470 salutem
608 427 759 468 civibus
784 426 791 480 Ι
818 432 1048 480 perpetuam
1082 428 1284 480 perductis
1309 427 1316 482 Ι
1344 428 1521 469 fontibus
1551 430 1782 479 contulerit,
1809 430 1815 486 Ι
1849 445 1920 485 po-

212 499 328 552 pulus
359 498 501 537 curiar.
523 496 575 543 Χ,
605 494 611 549 Ι
645 497 734 537 loco
765 496 812 536 ab
845 496 984 535 ordine
1014 492 1148 551 dat[o]‚
1175 496 1182 549 Ι
1217 496 1379 536 alteram
1409 503 1577 537 statuam
1613 499 1745 550 posuit
1770 498 1776 553 Ι
1803 504 1843 538 et
1871 499 1920 540 ob

212 565 499 607 dedicationem
524 562 531 619 Ι
559 563 808 604 decurionib.
839 564 1036 616 sportulas
1062 562 1068 618 Ι
1096 564 1216 604 curiis
1246 563 1481 616 epulactris¹
1513 565 1598 606 eius
1624 563 1630 621 Ι
1657 567 1789 606 deder.

325 632 499 665 Henschz'r
522 631 705 673 Medei'na,
738 633 801 664 ubi
823 630 900 671 fuit
928 632 1166 674 municipium
1190 631 1500 665 Althiburitanum
1524 631 1675 673 Africae
1706 633 1816 678 (VIII
1834 633 1924 669 4828

213 689 305 721 vidit
333 687 563 728 Wilmanns).
586 707 632 712 —
663 688 695 729 1)
719 687 921 720 Lectionum
946 690 1079 720 certam
1103 699 1176 720 esse
1199 689 1254 719 ait
1281 687 1400 721 Wz‘lm.
1427 689 1531 731 (epul.
1551 691 1710 724 actores?
1734 690 1922 730 Momm).

325 779 440 826 5784
488 781 708 832 Pelaginii.¹
735 779 741 835 Ι
768 781 812 820 Ρ.
833 780 1042 820 Fundanio
1063 780 1105 820 P.
1128 782 1153 821 f.
1176 781 1270 833 Pap.
1298 778 1304 836 Ι
1333 781 1467 821 Prisco
1499 789 1654 835 patron.
1688 783 1892 836 municipi,
1916 781 1923 839 Ι

214 850 398 891 omnihus
428 848 615 889 honorib.
643 846 650 902 Ι
677 856 715 889 et
747 849 936 889 oneribus
965 849 1117 897 functo,
1145 850 1152 899 Ι
1192 855 1348 900 patron.
1380 849 1472 889 civit
1500 851 1674 901 Auscul.,
1703 850 1709 906 Ι
1736 851 1803 904 qui
1833 864 1924 892 cum

215 919 337 959 multa
369 925 408 958 et
440 916 446 973 Ι
483 917 650 957 maxima
688 918 730 957 in
762 929 845 957 rem
878 931 915 969 p.
947 915 1118 969 saepilus
1147 917 1398 969 praestiterit,
1431 918 1582 958 fontem
1617 917 1623 975 Ι
1661 932 1821 972 quoque
1853 933 1926 960 no-

215 999 304 1026 vum
337 999 426 1026 cum
457 983 609 1041 granldi
640 991 802 1037 sumptu
833 986 1002 1025 fabricae
1033 997 1103 1025 sua
1132 982 1316 1036 pecuinia
1345 986 1502 1027 induxit
1530 993 1574 1028 etv
1599 987 1703 1028 cives
1732 983 1928 1040 patrilam·

216 1067 315 1106 quae
346 1054 586 1102 reformavit,
615 1051 620 1108 Ι
647 1053 893 1106 caplatores²
920 1051 924 1107 Ι
952 1060 1121 1106 patrono
1152 1054 1500 1106 praestantissimo.
1528 1053 1534 1109 Ι
1561 1054 1605 1094 L.
1628 1055 1664 1095 d.
1686 1055 1724 1098 d.
1747 1057 1784 1095 d.

329 1121 482 1154 Ausona·
504 1120 617 1164 Apuli
642 1120 712 1161 (IX
731 1121 795 1154 665
818 1120 924 1153 semel
947 1121 1123 1162 descripta
1147 1131 1237 1155 saec.
1253 1121 1365 1165 XVI).
1401 1140 1447 1146 —-
1485 1122 1518 1163 1)
1542 1120 1695 1164 Signum
1718 1124 1796 1155 eine
1819 1122 1928 1156 dubio

216 1178 405 1211 Fundanii
429 1175 656 1218 (PELAGINII
680 1177 710 1209 A
736 1178 923 1219 traditur).
948 1197 992 1202 —
1022 1178 1056 1219 2)
1080 1175 1434 1212 M20APLATORES
1460 1179 1633 1213 traditur.

332 1280 443 1326 5785
494 1282 728 1322 felicissimis
758 1282 1006 1334 temporibus
1036 1281 1073 1320 d.
1105 1282 1142 1321 d.
1175 1295 1212 1325 n
1247 1294 1286 1321 n.
1318 1282 1413 1335 imp.
1437 1282 1545 1369 Caes.
1567 1283 1617 1322 M.
1640 1283 1712 1322 Iuli
1713 1249 1928 1402 Philippi}

221 1417 1543 1427 ·····························································································

216 1496 998 1505 ..........................................................

218 1520 391 1572 perierat.
430 1526 468 1560 et
506 1521 609 1560 cives
638 1520 772 1573 inopia
804 1518 809 1574 Ι
845 1532 969 1571 aquae
967 1471 1248 1567 Dlaborabant,
1288 1520 1472 1561 instantia
1503 1521 1553 1561 M.
1585 1520 1733 1561 Aurelii
1763 1521 1930 1562 Athonis

220 1588 395 1628 Marcelli
427 1601 460 1627 V.
493 1600 527 1627 e.
558 1601 669 1641 proc.
701 1589 787 1628 Auo
763 1601 848 1640 gg„
879 1588 1068 1628 rarissimi
1098 1587 1290 1640 praesidis
1318 1589 1578 1642 13.‚patroni
1607 1587 1836 1642 munilcipii‚
1866 1589 1929 1629 in-

223 1661 363 1695 novato
395 1668 517 1708 opere
547 1668 670 1708 aquae
701 1657 843 1696 ductus
873 1656 1080 1696 abundans
1109 1655 1151 1695 in
1181 1656 1292 1695 fonte
1323 1661 1381 1696 est
1411 1656 1613 1709 perducta.

338 1722 381 1755 In
404 1721 634 1755 Mauretania
665 1722 741 1756 loco
767 1724 865 1756 dicto
890 1722 1041 1756 Kherbet
1062 1722 1210 1756 Zombia
1244 1720 1346 1765 (olim
1373 1722 1561 1765 Lemellef)
1594 1723 1699 1764 (VIII
1721 1725 1810 1758 8809
1839 1723 1932 1758 vidie

225 1778 456 1823 Wilmanm).
482 1798 527 1803 -
554 1779 585 1820 l)
610 1778 771 1812 Litterae
794 1782 938 1822 punctis
960 1782 1125 1822 signatae
1149 1779 1252 1811 eradi
1276 1781 1421 1821 coeptae
1444 1783 1538 1820 sunt,
1561 1780 1623 1813 sed
1646 1780 1828 1822 leguntur.

1142 1927 1724 1939 ·································

224 1963 308 1999 nn„
340 1951 553 1990 multorum
583 1948 751 2006 incurila
792 1951 985 2003 dilapsum
1022 1957 1062 1991 et
1078 1902 1163 2003 oper
1194 1947 1300 2006 lonl„
1281 1963 1366 1990 o*am
1407 1964 1605 1992 annorum
1643 1949 1802 2009 sei-ilem
1833 1965 1930 2007 neg-

222 2019 382 2067 lectum,
408 2016 666 2074 invicltissimi
687 2032 732 2059 ac
754 2016 1018 2074 restitutolres
1040 2025 1078 2058 et
1098 2024 1384 2071 propagatores
1402 2017 1409 2067 Ι
1425 2020 1533 2061 orbis
1554 2020 1615 2061 sui
1639 2018 1928 2072 Diocletianus!

1649 2079 1902 2087 .......................

224 2177 359 2217 Clodio
386 2177 590 2217 Honorato
617 2176 622 2232 Ι
650 2191 684 2217 v.
707 2191 754 2226 e„
788 2178 909 2230 praef.
943 2178 1017 2230 leg.
1050 2178 1187 2227 eiusd„
1215 2175 1221 2232 Ι
1248 2179 1288 2218 in
1320 2179 1459 2219 melius
1489 2176 1759 2234 refoilmatum
1790 2180 1837 2220 ad
1866 2180 1929 2220 in-

225 2242 462 2301 tegriltatem
495 2243 783 2301 restituelrunt.

341 2312 532 2346 Lambaesz·
557 2312 662 2353 (VIII
676 2312 768 2346 2572
790 2313 880 2346 vidit
898 2313 1128 2356 Wilmanns).
1145 2332 1190 2338 —-
1218 2315 1249 2356 1)
1272 2312 1428 2347 Nomina
1453 2315 1708 2357 imperatorum
1731 2325 1844 2356 erata,
1869 2315 1931 2348 sed

225 2369 408 2411 leguntur.
438 2387 478 2393 —
504 2369 537 2409 2)
562 2368 651 2402 Viro
675 2368 945 2412 perfectissimo,
967 2370 1133 2413 praeside
1154 2372 1367 2413 provinciae
1389 2369 1591 2405 Numidiae.

337 2459 452 2505 5787
500 2462 621 2514 impp.
644 2461 773 2502 Caess.
796 2461 838 2501 C.
860 2464 955 2502 Aur.
980 2461 1155 2503 Valerius
1176 2463 1444 2503 Diocletianus
1475 2476 1513 2515 p.
1541 2461 1548 2516 Ι
1574 2463 1600 2502 f.
1630 2462 1798 2502 invictus
1826 2462 1928 2514 Aug.

225 2536 263 2568 et
292 2529 343 2569 M.
374 2529 557 2570 Aurelius
587 2529 764 2570 Valerius
794 2527 1070 2585 Malximianus
1111 2543 1149 2583 p.
1182 2531 1209 2570 f.
1240 2531 1410 2572 invictus
1440 2532 1538 2582 Aug.
1569 2542 1694 2582 aquae
1723 2529 1884 2569 ductum
1920 2532 1928 2579 Ι

225 2597 468 2638 'I'itulensem
507 2597 555 2637 ab
596 2597 789 2650 originem
812 2601 896 2646 (sic)
938 2610 1062 2649 usque
1101 2598 1148 2637 ad
1190 2596 1399 2651 civitaltem
1442 2599 1560 2652 longa
1604 2601 1796 2637 vetustate
1840 2608 1930 2637 cor-

225 2671 384 2718 ruptum
413 2664 419 2719 Ι
445 2678 516 2717 per
545 2665 746 2706 Aurelium
779 2665 1056 2706 Maximianum
1085 2678 1120 2705 V.
1143 2678 1197 2717 p.‚
1229 2679 1267 2718 p.
1290 2679 1329 2718 p.
1352 2667 1425 2714 N.¹‚
1457 2667 1504 2706 ad
1536 2664 1753 2715 meliolrem
1784 2669 1928 2704 statum

225 2734 363 2773 additis
392 2733 516 2773 limis²
546 2734 822 2782 restituerunt,
854 2733 1085 2774 curantibus
1105 2731 1285 2788 Aelmilio
1307 2734 1459 2776 Lucino
1489 2746 1650 2786 augure,
1681 2743 1762 2773 cur.
1795 2731 1853 2771 rei
1875 2745 1928 2784 p.‚

225 2807 264 2840 et
294 2801 393 2840 Iulio
426 2802 584 2842 Aurelio
607 2812 640 2845 7.

338 2868 542 2909 Lambaesae‘,
567 2869 653 2901 olim
668 2869 708 2901 in
725 2869 924 2912 nymphaeo
942 2869 1011 2908 (ibi
1027 2868 1089 2900 ubi
1104 2865 1150 2900 N.
1164 2866 1282 2912 5626),
1306 2866 1432 2900 deinde
1455 2868 1495 2899 in
1515 2866 1700 2909 praetorio
1722 2864 1827 2908 (VIII
1841 2866 1930 2900 2660

227 2924 319 2956 vidit
347 2923 574 2967 Wilmanns).
600 2943 644 2949 —
669 2927 703 2966 1)
729 2925 856 2959 Virum
876 2922 1188 2968 perfectissimum,
1211 2922 1410 2966 prae-tidem
1428 2923 1638 2966 provinciae
1661 2920 1927 2957 Numidiae.—

226 2981 260 3021 2)
282 2980 488 3022 Aggeribus
512 2980 686 3023 obliquis?
711 2980 822 3023 (VIII
839 2991 872 3022 p.
890 2979 1005 3023 4442).

340 3070 453 3116 5788
502 3084 642 3124 aquam
673 3073 929 3121 Titulensem‚
961 3084 1078 3124 quam
1109 3077 1200 3111 ante
1229 3082 1357 3111 annos
1383 3067 1390 3124 Ι
1415 3069 1607 3122 plurimos
1629 3070 1928 3112 Lambaesitana
