2092 3360
516 162 631 199 Tituli
654 162 752 200 sacri
775 166 814 200 et
837 165 1079 202 sacerdotum.
1099 186 1146 193 --
1168 166 1328 204 Nimim.
1352 167 1505 205 Galliae.
1788 171 1870 210 203

154 275 311 309 minibus
333 275 584 319 Augustorum
614 275 680 323 (cf.
711 276 813 317 infra
844 277 890 313 Ν.
913 279 1010 314 4543.
1034 280 1128 314 4744.
1151 280 1278 323 485οΥ,·
1314 282 1508 316 Mommsen
1541 283 1657 318 Herm.
1681 284 1725 318 49
1744 295 1780 328 p.
1797 286 1872 320 232

155 333 230 366 not.
241 331 296 376 5).
314 351 360 357 —
383 333 418 374 2)
443 333 540 367 Idem
564 333 622 367 dei
644 344 773 368 nomen
797 334 900 375 infra
916 335 961 370 N.
978 337 1073 370 4547.

268 411 383 458 4539
423 414 547 455 Gallio
577 414 617 455 1.“
644 413 652 469 Ι
678 415 844 458 Maturci
870 421 926 465 (in
951 422 1078 463 latere)
1100 431 1134 458 v.
1157 431 1188 459 s.
1219 418 1244 458 Ι.
1266 432 1317 459 m.
1340 419 1414 460 deo
1439 419 1446 475 Ι
1475 421 1688 472 Segomoni
1715 422 1870 462 donavi.

269 481 312 515 In
328 483 426 515 asini
445 483 520 516 sive
540 482 631 515 muli
646 484 774 517 alienet·
790 485 877 527 basi,
903 496 977 528 rep.
990 495 1106 528 prope
1123 484 1232 518 Nuits
1254 488 1292 519 in
1309 497 1400 530 agro
1419 487 1648 522 Haeduorum
1665 487 1773 532 (XIII
1785 489 1872 524 2846

153 547 202 570 esc
224 539 385 581 imag-ine
408 539 504 572 edita
527 538 608 574 Rev.
634 542 733 575 arch.
758 551 794 575 n.
818 553 846 577 s.
870 543 928 582 54,
951 541 1036 575 4877
1059 542 1131 575 tab.
1148 541 1234 575 XIX
1254 543 1435 588 aliisque).
1462 563 1504 569 —
1534 546 1564 586 1)
1590 544 1766 580 Libertus.

269 593 396 627 Eidem
422 595 487 630 deo
509 600 698 640 praeterea
722 598 837 631 dicati
859 600 944 631 sunt
969 599 1068 631 tituli
1090 609 1165 642 rep.
1192 601 1231 632 in
1257 599 1434 643 Sequanis
1456 600 1547 634 XIII
1557 602 1648 636 5340
1666 603 1754 635 etin
1770 602 1872 646 Alpi-

155 650 220 682 bus
241 652 435 684 maritimis
457 662 571 694 supra
595 652 769 687 Nicaeam
795 654 828 688 V
849 654 946 688 7868.

158 697 1872 782 mm

266 786 383 833 4541
425 790 462 829 d.
495 790 607 831 Marti
639 792 785 833 Alatori
814 791 819 847 Ι
846 793 960 833 Dum.
983 793 1227 834 Censorinus
1253 791 1259 848 Ι
1286 793 1451 834 Gemelli
1482 795 1535 835 fil.
1563 795 1570 849 Ι
1596 809 1630 836 v.
1651 809 1682 837 s.
1704 796 1729 836 l.
1752 808 1804 837 m.

266 855 310 889 In
342 856 538 890 Britannia
578 859 655 892 loco
686 859 783 893 dicto
814 859 940 904 Book-y
968 859 1084 893 Wood
1112 870 1204 903 rep.,
1239 860 1403 893 lamellae
1440 865 1635 904 argenteae
1665 865 1873 908 inauratae,

152 910 283 945 Martis
304 914 527 956 imaginibus
552 917 715 957 ornatae,
737 926 834 950 nunc
850 918 889 949 in
904 926 1024 950 museo
1042 916 1257 950 Britannico
1274 916 1295 960 (
1292 917 1329 951 V
1326 917 1362 950 II
1377 919 1432 952 84.
1448 919 1494 951 85
1500 919 1604 952 vidit
1619 920 1813 963 Huebner).
1826 939 1871 944 —

155 968 188 1009 1)
211 968 266 1002 Ab
283 970 350 1003 hoc
366 969 483 1003 Marte
502 969 652 1004 Toutale
674 974 740 1005 vix
760 972 923 1005 diversus
942 971 1106 1006 Teutates
1122 974 1208 1007 deus
1227 973 1411 1007 Gallorum
1435 978 1653 1009 memoratus
1676 987 1698 1010 a
1723 976 1870 1011 Lucano

154 1024 184 1065 4,
199 1026 264 1058 445
288 1029 322 1058 et
346 1035 370 1059 a
392 1026 557 1061 Lactant.
575 1028 607 1071 4,
623 1028 678 1062 24.
717 1027 770 1068 Cfi
793 1032 981 1072 praeterea
1005 1028 1109 1069 infra
1132 1028 1178 1063 N.
1194 1031 1290 1064 4566.
1313 1031 1409 1064 4694.

158 1084 226 1089 ᾖ
267 1104 386 1152 4542
423 1107 538 1149 Marti
564 1111 571 1161 Ι
596 1109 808 1162 Albiorigi¹
835 1109 843 1164 Ι
870 1109 959 1150 Sex,
982 1110 1189 1151 Cornelius
1214 1111 1220 1166 Ι
1249 1112 1433 1152 Sacratus
1460 1111 1465 1167 Ι
1492 1125 1526 1152 ν.
1548 1126 1580 1153 s.
1602 1114 1626 1153 1.
1648 1126 1700 1154 m.

268 1174 392 1208 Sablet
415 1185 530 1219 prope
562 1176 754 1210 Vasionem
783 1186 876 1220 rep„
911 1180 963 1210 est
990 1178 1200 1211 Avennione
1232 1179 1318 1219 (XII
1339 1180 1428 1214 4300
1453 1181 1545 1214 vidit
1569 1179 1803 1223 Hirschfeld).
1825 1199 1871 1206 —

156 1230 190 1270 1)
217 1228 270 1269 Cf.
295 1229 367 1264 XII
386 1231 491 1265 1060:
512 1231 686 1266 Albiorice
708 1233 713 1275 Ι
734 1243 768 1268 v,
794 1243 822 1267 s.
847 1232 870 1267 l.
894 1243 939 1267 m.

268 1309 384 1356 4543
422 1313 496 1353 deo
530 1312 537 1368 Ι
572 1313 686 1353 Marti
713 1311 719 1369 Ι
754 1314 1024 1372 Belatucadlro
1064 1322 1103 1355 et
1145 1315 1353 1371 numilnib.
1386 1322 1511 1369 Augg.
1539 1317 1543 1372 Ι
1571 1317 1694 1358 lulius
1724 1315 1869 1371 Aulgu-

153 1379 261 1420 stalis
286 1377 295 1434 Ι
320 1385 432 1421 actor
461 1379 534 1420 lul.
565 1380 679 1439 Lulpi
708 1383 834 1435 praef.

266 1446 546 1491 Plumptonwall
567 1459 656 1491 rep„
679 1450 753 1481 iam
776 1448 953 1483 Londinii
978 1449 1070 1493 (VII
1087 1451 1158 1486 348
1181 1451 1274 1484 vidit
1297 1451 1490 1494 Huebner).

275 1525 391 1573 4544
431 1526 529 1581 deo!
553 1526 828 1585 Belatulcadro
849 1543 870 1571 a
891 1529 900 1587 Ι
918 1545 1033 1572 muro
1057 1529 1064 1588 Ι
1083 1532 1219 1583 sivitus
1243 1529 1250 1588 Ι
1272 1533 1374 1573 tincs
1389 1563 1398 1572 .
1416 1534 1442 1572 .¹
1458 1530 1465 1588 Ι
1484 1545 1531 1573 ex
1563 1528 1747 1586 cunelum
1764 1562 1774 1573 .
1791 1561 1801 1572 .
1818 1530 1867 1589 is}

153 1625 305 1637 ......
315 1593 446 1651 lrum.²

264 1663 475 1707 Brougltam
499 1664 822 1710 (Westmoreland)
852 1677 927 1710 rep.
959 1666 1094 1711 (Bruce
1127 1667 1284 1711 lapidar.
1307 1668 1578 1711 septentrional.
1601 1679 1637 1712 p.
1652 1668 1718 1701 442
1743 1678 1779 1702 n.
1796 1668 1875 1710 807,

152 1719 236 1752 inde
258 1720 349 1764 Eph.
376 1732 430 1764 ep.
452 1722 488 1765 5,
503 1722 580 1766 85).
603 1742 649 1746 -
675 1724 708 1766 1)
732 1723 787 1756 Ita
812 1725 975 1756 cernitur
997 1725 1037 1757 in
1060 1726 1219 1767 imagine
1242 1726 1464 1758 monumenti
1487 1735 1593 1768 quam
1619 1725 1732 1758 edidit
1754 1725 1874 1758 Bruce

155 1775 177 1810 l.
194 1786 235 1819 c.,
259 1779 323 1820 qui
345 1779 423 1821 ipse
445 1781 486 1813 in
509 1780 629 1823 lapide
646 1783 733 1823 post
753 1780 990 1814 Belatucadri
1011 1791 1140 1814 nomen
1163 1781 1219 1814 nil
1241 1784 1316 1815 nisi
1339 1792 1357 1815 a
1379 1781 1386 1826 Ι
1406 1806 1414 1815 .
1428 1806 1437 1815 .
1451 1783 1541 1816 amin
1562 1780 1569 1827 Ι
1589 1782 1659 1816 siut
1674 1806 1683 1815 .
1698 1806 1729 1816 ..
1752 1780 1758 1826 Ι
1780 1782 1872 1815 tinus

154 1834 313 1875 agnovit.
361 1835 458 1869 Inest
480 1838 521 1869 in
545 1837 601 1869 his
624 1838 703 1869 sine
726 1837 835 1870 dubio
865 1847 996 1870 nomen
1026 1837 1228 1871 dedicantis
1259 1838 1326 1879 (ad
1348 1838 1451 1871 deum
1476 1839 1540 1870 has
1562 1839 1736 1881 reliquias
1759 1837 1874 1878 refert

154 1890 321 1923 Huebner
349 1890 479 1925 IVestd.
503 1891 678 1927 Zeitsclzr.
693 1894 729 1936 3,
754 1893 840 1927 4884
860 1904 895 1937 p.
912 1894 979 1928 424
1003 1898 1038 1927 et
1060 1895 1159 1938 apud
1182 1895 1394 1928 Schererum
1418 1894 1663 1936 Sitzungsber.
1689 1895 1754 1928 der
1776 1894 1871 1928 Berl.

153 1946 270 1981 Akad.
294 1947 380 1981 4884
400 1959 436 1991 p.
452 1948 530 1990 575,
555 1950 720 1991 cogitans
745 1950 786 1982 de
815 1949 970 1992 Thingso
994 1949 1097 1990 infra
1122 1949 1168 1985 N.
1185 1951 1299 1995 4760).
1323 1969 1368 1975 -
1400 1952 1434 1993 2)
1458 1951 1702 1993 [Fr]is[iorum
1728 1950 1872 1985 Germa-

153 2006 288 2045 noJrum
313 2004 432 2047 eoeplet
456 2005 623 2038 Huebner
647 2005 670 2039 I.
694 2015 725 2039 c.

267 2072 384 2119 4545
423 2075 497 2115 deo
524 2074 530 2129 Ι
558 2074 777 2115 Blatucairo
804 2074 812 2129 Ι
838 2075 1022 2128 Audagus
1047 2075 1054 2131 Ι
1080 2090 1114 2117 v.
1137 2090 1168 2117 s.
1190 2090 1229 2129 p.
1250 2090 1281 2117 s.
1303 2089 1335 2116 s.

268 2141 478 2184 Brougham
497 2141 612 2175 Castle
628 2140 963 2185 (Westmoreland)‚
986 2153 1083 2176 nunc
1098 2142 1301 2177 Newcastle
1317 2142 1409 2183 (VII
1420 2143 1490 2177 295
1514 2142 1563 2183 cll
1578 2143 1672 2186 Eph.
1689 2153 1741 2186 ep.
1758 2142 1789 2185 7,
1801 2143 1872 2178 953

153 2198 323 2232 vider-unt
329 2198 495 2231 Huebner
503 2201 538 2231 et
546 2198 777 2241 Haverfield).
786 2199 885 2232 —Dc
898 2199 981 2232 aliis
993 2202 1288 2243 inscriptionibus
1301 2201 1407 2232 liuius
1420 2200 1479 2232 dei
1486 2200 1566 2232 vide
1572 2200 1663 2243 Eph.
1671 2200 1870 2244 ep.7,1055.

268 2278 389 2324 4546
427 2280 541 2319 Marti
568 2279 574 2335 Ι
602 2279 810 2320 Beladoni¹
837 2284 844 2334 Ι
869 2281 914 2321 T.
946 2280 1003 2321 Fl.
1034 2280 1164 2322 Iustus
1191 2279 1196 2334 Ι
1223 2293 1270 2321 ex
1299 2281 1422 2321 iussu.

269 2348 384 2390 Prope
407 2348 530 2390 Aquas
553 2346 701 2380 Sextias
723 2357 796 2390 rep.
826 2345 915 2388 (XII
932 2347 1025 2390 5057
1048 2357 1164 2390 nuper
1186 2347 1398 2381 Avennione
1420 2348 1515 2381 vidit
1537 2345 1812 2391 Esperandieu).
1826 2365 1871 2372 —

158 2404 192 2446 1)
216 2403 278 2438 Sic
300 2405 389 2446 legit
412 2404 498 2447 Esp.
524 2402 649 2446 (antea
675 2403 810 2436 editum
834 2406 914 2437 erat
937 2402 1152 2446 Beladonni).

269 2483 385 2530 4547
420 2487 520 2538 Aug.
541 2497 642 2525 sacr.
670 2482 675 2539 Ι
703 2485 815 2525 Marti
835 2482 1068 2538 Bolulinn0¹
1097 2491 1137 2526 et
1156 2482 1360 2542 Duna[t.]²
1384 2485 1390 2541 Ι
1419 2485 1460 2526 C.
1477 2486 1623 2525 Domit.
1640 2481 1781 2538 Virillis
1802 2485 1870 2524 de·

155 2553 268 2595 curio
297 2566 372 2606 pro
404 2551 410 2607 Ι
445 2553 559 2594 salut.
588 2566 659 2594 sua
689 2560 728 2594 et
757 2553 830 2593 Iul.
857 2550 863 2608 Ι
890 2553 1016 2594 Thalli
1046 2553 1249 2611 Virilliflani
1279 2553 1335 2594 fili
1366 2560 1406 2593 et
1435 2549 1623 2610 Aviltillae
1653 2552 1754 2592 Aviti
1783 2549 1868 2607 fik}

155 2622 589 2733 ωοηῗοιῖἱιῃῗσὲηιῖἑε
610 2687 747 2722 Nevers
771 2686 878 2732 (XIII
895 2689 986 2722 2899
1009 2688 1103 2722 vidit
1126 2687 1358 2732 Hirschfeld).
1382 2705 1428 2712 —
1454 2687 1486 2728 1)
1510 2686 1608 2720 Idem
1632 2687 1730 2730 deus,
1753 2697 1775 2719 a
1801 2697 1870 2730 quo

155 2745 284 2790 Bouhy
310 2746 381 2779 loci
402 2755 532 2779 nomen
556 2745 704 2779 ductum
728 2755 800 2778 esse
821 2746 964 2788 putant,
989 2747 1041 2778 est
1063 2745 1154 2779 XIII
1175 2746 1274 2780 2900.
1290 2763 1336 2769 -
1364 2745 1398 2786 2)
1426 2741 1480 2783 Cf.
1503 2742 1550 2778 Ν.
1565 2743 1665 2778 4538.

270 2823 390 2870 4548
428 2827 527 2878 Aug.
552 2825 668 2866 Marti
698 2821 883 2882 Britolvio
916 2855 925 2865 .
944 2855 953 2865 .
971 2856 980 2866 .
1013 2825 1164 2866 Salvius
1189 2824 1195 2880 Ι
1224 2823 1442 2865 Secundini
1472 2823 1526 2863 fil.
1554 2821 1560 2877 Ι
1587 2835 1634 2864 ex
1663 2829 1768 2863 voto.

272 2891 446 2926 Nemausi
471 2891 559 2936 (XII
577 2893 671 2927 3082
691 2903 729 2937 p.
745 2893 813 2927 854
839 2890 1045 2932 Hirschfeld
1070 2892 1164 2925 vidit
1184 2890 1352 2935 partem).

270 2970 389 3018 4540
428 2974 542 3015 Marti
568 2972 574 3027 Ι
602 2970 833 3030 Budenic[o]
862 2971 868 3027 Ι
896 2973 1039 3013 Gratus
1066 2969 1072 3026 Ι
1099 2972 1231 3013 Severi
1258 2970 1264 3026 Ι
1291 2971 1407 3012 filius.

271 3040 386 3084 Prope
409 3042 527 3075 vicum
552 3041 695 3085 Callias,
725 3052 797 3075 non
822 3041 928 3083 longe
952 3051 974 3073 a
997 3038 1177 3073 Nemauso
1203 3038 1292 3083 (XII
1309 3038 1402 3073 2973
1426 3038 1520 3071 vidit
1545 3037 1709 3079 Allmor).
