2092 3360
467 162 582 199 Tituli
606 173 757 210 operum
779 163 1015 210 locorumque
1037 163 1276 210 publicorum.
1301 184 1347 190 -
1371 163 1544 200 Termini.
1762 163 1846 203 473

134 271 307 318 actorem
347 279 539 332 municipi
578 279 912 327 Histoniensium‚
953 280 959 334 Ι
1003 280 1141 332 utrisq.
1179 280 1457 334 praesentibus
1496 280 1646 321 iuratus
1684 286 1846 320 senten-

135 347 227 387 tiam
257 344 263 398 Ι
288 347 386 387 dixit
415 347 455 388 in
488 360 531 388 ea
562 348 698 396 verba,
736 359 774 399 q.
806 347 876 387 inf.
907 361 939 388 s.
970 347 1050 397 s.⁸l

251 415 347 455 Cum
380 415 535 456 libellus
565 423 676 456 vetus
712 415 762 456 ab
792 416 992 457 actoribus
1023 416 1336 458 Ilistoniensium
1370 416 1378 470 Ι
1412 416 1589 469 prolatus
1618 417 1690 466 sit,
1729 429 1855 469 quem.

136 482 424 523 desideraverat
453 483 591 524 Tillius
617 484 622 539 Ι
651 484 804 525 Sassius
836 483 1032 532 exhiberi,
1064 491 1103 524 et
1132 485 1171 525 in
1206 497 1254 526 eo
1284 485 1477 538 scriptum
1508 485 1647 534 fuerit,
1675 482 1681 538 Ι
1708 497 1845 526 eorum

136 551 337 600 locorum,
382 551 431 591 de
476 550 622 604 quibus
666 553 807 604 agitur,
852 550 1004 604 saletam
1051 552 1422 593 determinationem
1470 566 1542 606 per
1585 553 1633 600 Q.
1670 553 1846 594 Coelium

135 616 324 674 Galllum:
356 619 405 659 Μ.
430 620 542 660 lunio
564 620 699 660 Silano
731 620 775 660 L.
797 620 983 660 Norbano
1005 620 1126 661 Balbo
1161 620 1166 676 Ι
1203 621 1300 662 cos.⁴
1332 621 1418 661 Vlll
1448 621 1487 660 k.
1519 621 1638 661 Maias
1668 621 1774 661 inter
1805 622 1846 661 P.

136 686 322 728 Vaccium
352 687 551 728 vitulum*
589 685 596 743 Ι
637 695 839 728 auctorem
883 688 1195 730 Histoniensium
1241 689 1353 729 fundi
1386 687 1596 745 Herianilci
1640 695 1680 729 et
1709 689 1847 730 Titiam

135 756 357 796 Flaccillam
388 755 694 808 proauctorem⁶
723 754 824 812 Til'li
856 757 959 798 Sassi
990 757 1103 797 fundi
1134 757 1282 797 Vellani
1313 769 1347 797 a.
1379 757 1431 797 e.⁷
1466 758 1505 797 in
1539 770 1582 797 re
1612 758 1814 810 praesenti
1840 757 1846 813 Ι

135 825 184 864 ‹le
215 825 482 865 controversia
512 825 672 871 finium,
708 825 760 865 ita
791 831 834 865 ut
865 825 1003 877 utrisq.
1033 823 1038 878 Ι
1065 825 1236 865 dominis
1265 831 1350 866 tum
1382 825 1597 866 fundorum
1628 827 1849 878 praesenti-

135 893 211 933 bus
237 890 243 947 Ι
270 892 403 933 Gallus
433 893 682 941 terminaret,
721 900 765 933 ut
794 893 966 946 primum
997 893 1129 946 palum
1156 890 1164 949 Ι
1190 894 1329 945 figeret
1358 906 1379 933 a
1411 905 1561 945 quercu
1593 895 1714 947 pedes
1745 895 1849 934 circa

136 959 355 1017 undeclim‚
386 962 540 1002 abesset
569 968 699 1001 autem
730 960 842 1013 palus
871 973 891 1000 a
923 961 1026 1001 fossa
1059 984 1109 990 —
1135 974 1266 1014 neque
1293 960 1298 1015 Ι
1325 969 1501 1014 apparet,
1533 963 1638 1015 quod
1665 966 1748 1012 (sie)
1778 976 1849 1016 pe-

135 1030 205 1071 des
233 1030 370 1083 scripti
400 1036 533 1070 essent
565 1029 572 1085 Ι
608 1035 773 1082 propter
803 1035 1031 1069 vetustatem
1063 1029 1183 1069 libelli
1214 1030 1424 1082 interrupti
1463 1028 1468 1084 Ι
1503 1031 1542 1070 in
1575 1044 1619 1071 ea
1651 1038 1776 1084 parte,
1807 1031 1847 1071 in

137 1110 213 1151 qua
245 1111 436 1138 numerus
465 1097 611 1151 pedum
639 1095 646 1151 Ι
672 1097 816 1138 scritus
840 1101 926 1145 (sic)
967 1097 1120 1137 videtur
1151 1098 1270 1138 luisse
1300 1122 1357 1128 —
1387 1099 1492 1139 inter
1523 1097 1677 1154 soslsam
1718 1106 1848 1140 autem

136 1174 175 1207 et
205 1166 337 1219 palum
367 1167 444 1206 iter
471 1178 724 1206 communem
750 1170 834 1212 (sic)
861 1163 868 1220 Ι
894 1173 1010 1219 esset,
1050 1166 1163 1206 cuius
1193 1168 1394 1220 propietas
1419 1172 1504 1216 (sic)
1535 1168 1606 1208 soli
1638 1167 1752 1208 Vacci
1783 1167 1849 1207 Vi-

136 1235 206 1275 tuli
234 1241 356 1284 esset;
385 1232 391 1289 Ι
417 1247 465 1275 ex
495 1248 541 1274 eo
573 1234 662 1287 palo
693 1248 714 1275 e
744 1235 908 1287 regione
938 1235 986 1274 ad
1012 1235 1210 1275 fraxinum
1242 1242 1414 1276 notatam
1443 1233 1590 1291 pallum
1621 1237 1741 1276 lixum
1764 1248 1851 1276 esse

136 1317 157 1342 a
189 1303 298 1343 Gallo
329 1310 368 1343 et
395 1302 444 1342 ab
475 1316 522 1343 eo
552 1303 642 1356 palo
674 1316 696 1343 e
725 1303 889 1354 regione
919 1303 966 1342 ad
994 1301 1000 1357 Ι
1027 1304 1285 1356 supercilium
1317 1304 1443 1344 ultimi
1473 1305 1583 1345 lacus
1613 1304 1775 1344 Serrani
1806 1304 1848 1344 in

136 1378 287 1424 partem
319 1367 628 1427 sinisteriol[rem
658 1367 869 1427 d]erectam
902 1372 1022 1411 finem
1052 1371 1101 1411 ab
1133 1372 1270 1412 eodem
1303 1372 1414 1412 Gallo
1442 1369 1448 1424 Ι
1476 1402 1485 1412 .
1508 1402 1517 1412 .
1540 1402 1550 1411 .
1573 1402 1583 1411 .

238 1439 352 1482 Prope
370 1439 644 1482 Campomart'no
667 1449 740 1471 non
758 1439 863 1481 longe
886 1449 907 1471 a
932 1439 1029 1471 mari
1045 1439 1256 1473 Hadriatico
1280 1450 1355 1482 rep.
1381 1438 1451 1482 (IX
1463 1439 1556 1472 2827
1571 1439 1664 1471 vidit
1680 1439 1849 1484 Dressel).

140 1495 324 1530 Traetavit
347 1495 539 1529 Mommsen
561 1494 738 1530 Abhandl.
762 1496 876 1529 siit-lis.
896 1494 1080 1529 Gesellseh.
1105 1496 1138 1529 d.
1159 1495 1265 1529 Wiss.
1289 1495 1322 1538 2,
1345 1497 1420 1529 484.
1443 1514 1490 1519 —
1515 1497 1548 1537 1)
1572 1495 1746 1528 Fortasse
1761 1496 1843 1528 Hel-

137 1553 256 1586 vidius
272 1553 417 1586 Priscus
437 1556 587 1596 praetor
610 1563 706 1586 anno
719 1563 757 1596 p.
775 1551 857 1586 Chr.
872 1552 914 1586 70
932 1554 1059 1595 (supra
1075 1551 1121 1586 Ν.
1136 1553 1234 1595 995).
1250 1572 1295 1577 -
1320 1554 1354 1595 2)
1370 1552 1542 1586 Fortasse
1559 1552 1599 1595 Q.
1616 1551 1745 1586 Tillius
1761 1552 1845 1586 Sas—

137 1611 213 1643 sius
227 1608 347 1650 frater
361 1610 507 1643 Arvalis
524 1610 741 1653 temporibus
756 1609 915 1642 Neronis
930 1612 966 1642 et
979 1609 1193 1643 Flauiorum
1210 1608 1275 1651 (esi
1292 1608 1336 1643 N.
1350 1609 1470 1650 5036).
1490 1628 1535 1633 —
1559 1611 1593 1652 3)
1618 1609 1717 1652 Quae
1740 1608 1844 1650 infra

137 1669 273 1710 scripta
303 1669 398 1701 sunt.
432 1686 477 1692 —
513 1668 548 1709 4)
571 1667 615 1700 A.
636 1677 672 1708 p.
699 1666 779 1700 Chr.
803 1667 857 1700 49.
891 1685 938 1690 —-
974 1668 1009 1709 5)
1041 1666 1139 1700 Idem
1162 1670 1388 1700 memoratur
1418 1669 1457 1699 in
1483 1667 1590 1700 titulo
1614 1667 1770 1700 eiusdem
1794 1677 1846 1699 re-

135 1725 258 1767 gionis
281 1723 333 1757 IX
343 1723 446 1758 6542.
470 1742 516 1748 —
541 1724 575 1765 6)
598 1724 738 1756 Auctor
761 1725 813 1755 est
835 1726 899 1766 qm·
921 1723 1034 1756 alium
1055 1726 1277 1766 possessione
1300 1723 1411 1762 fundi
1434 1725 1625 1757 antecessit
1646 1724 1849 1766 promimus,

134 1782 374 1824 proauetores
403 1782 488 1813 sunt
518 1790 739 1823 possessores
772 1781 985 1814 vetustiores
1016 1780 1222 1825 (Momm).
1276 1781 1373 1814 Idem
1402 1780 1615 1814 vocabulum
1644 1782 1685 1812 in
1714 1781 1848 1813 instru-

139 1838 267 1870 mentis
295 1836 430 1869 saeculi
457 1847 492 1880 p.
519 1836 601 1870 Chr.
625 1838 736 1878 sexti,
771 1837 871 1879 apud
899 1837 1039 1870 Marini
1065 1848 1149 1881 pap.
1182 1838 1268 1881 dipl.
1299 1848 1334 1871 n.
1358 1839 1412 1871 89.
1437 1837 1502 1870 424
1529 1847 1566 1879 p.
1590 1836 1669 1870 158.
1692 1836 1769 1869 485.
1805 1855 1851 1859 -

140 1895 174 1936 7)
196 1894 327 1927 Actum
343 1903 414 1926 esse
430 1894 484 1934 (ae
499 1894 576 1925 sine
590 1896 739 1935 puncto,
754 1894 862 1936 idque
877 1894 1090 1927 adiunctum
1105 1894 1154 1927 ad
1169 1894 1380 1927 vocabulum
1397 1891 1495 1936 quod
1506 1893 1704 1936 praecedit,
1729 1892 1850 1937 lapis).

254 1983 391 2030 59828
431 1985 536 2025 inter
564 1985 915 2026 Maltamonenses*
949 1985 1062 2027 Cens.
1095 1985 1326 2039 Selcundini
1356 1999 1390 2025 v.
1412 1999 1446 2027 c.
1478 1992 1517 2026 et
1547 1985 1850 2038 Semilitenises¹

140 2055 309 2102 Quartes
338 2053 377 2093 h.
411 2052 456 2094 f.²
484 2053 524 2093 in
556 2059 735 2105 tempore
763 2050 769 2106 Ι
803 2049 968 2094 limites³
997 2054 1123 2095 ebulsi
1153 2061 1247 2095 sunt
1281 2060 1320 2094 et
1349 2054 1441 2106 quia
1474 2051 1735 2109 inlteri[erant
1758 2050 1850 2108 p]o-

139 2123 203 2164 siti
233 2118 392 2178 de[nuo]
424 2151 435 2161 .
456 2150 467 2160 .
490 2151 500 2160 .

256 2188 408 2223 Sanluri
429 2190 470 2221 in
495 2187 668 2222 Sardinia
694 2186 753 2232 (45
770 2187 852 2221 οΙιίΙ.
868 2198 891 2220 a
910 2187 1090 2230 Cagliari)
1115 2199 1190 2231 rep.
1216 2188 1324 2232 (Epa.
1342 2199 1395 2232 ep.
1410 2190 1445 2229 8,
1460 2187 1581 2221 749==
1593 2187 1736 2221 Notizie
1753 2188 1851 2230 degli

139 2247 241 2279 seavi
256 2246 344 2279 4889
355 2256 392 2289 p.
404 2246 473 2279 284
489 2244 682 2278 delineavit
698 2244 829 2288 Crespz',
846 2243 1042 2278 Mommsen
1058 2245 1151 2278 vidit
1167 2245 1365 2290 eetypum).
1381 2264 1427 2270 -
1453 2246 1486 2286 1)
1502 2243 1689 2278 Notabilia
1708 2246 1849 2278 ethnica

139 2301 303 2343 somata
327 2313 348 2334 a
375 2299 581 2341 latifundiis
605 2300 808 2345 (Momm-5).
833 2319 878 2325 —-
910 2302 944 2343 2)
968 2301 1143 2334 Honestae
1164 2299 1333 2341 feminae.
1374 2300 1428 2342 cr.
1445 2300 1489 2335 Ν.
1506 2302 1595 2335 6027
1611 2301 1716 2335 notat
1741 2302 1848 2342 (eete-

140 2370 223 2394 rum
248 2359 354 2392 lectio
377 2369 450 2390 non
475 2359 619 2391 omnino
645 2360 770 2398 certa).
792 2376 839 2381 —
866 2357 902 2399 3)
926 2357 1077 2391 Initium
1100 2359 1267 2392 vocabuli
1289 2369 1363 2391 non
1387 2361 1523 2390 certam
1548 2357 1756 2402 (Momm).

256 2448 369 2496 5983
416 2449 611 2491 terminus
637 2447 642 2503 Ι
670 2448 1024 2503 Giddilitalnorum‚
1051 2448 1057 2504 Ι
1084 2450 1224 2502 praef.¹
1256 2464 1295 2491 n.
1321 2456 1454 2504 portu.
1476 2460 1535 2504 (ln
1546 2462 1655 2503 parte
1672 2459 1851 2504 opposita)

142 2520 336 2560 terminus
361 2522 368 2570 Ι
395 2515 748 2572 Euthicianolrum.
785 2527 845 2571 (ln
869 2528 980 2561 latore
1003 2530 1175 2571 angusto)
1202 2518 1317 2558 ollam
1327 2519 1354 2558 ².

256 2586 372 2628 Prope
391 2585 552 2628 Cuglieri
573 2596 658 2628 rep..
683 2585 760 2617 loeo
786 2585 849 2627 qui
871 2584 1007 2618 dicitur
1024 2584 1187 2627 Sisiddu‚
1210 2586 1229 2619 4
1248 2585 1331 2619 chit.
1349 2597 1371 2618 a
1389 2585 1583 2618 Sardiniae
1609 2593 1674 2615 ora
1693 2582 1854 2616 occiden-

143 2643 221 2685 tali,
244 2645 296 2675 est
318 2644 359 2675 in
383 2652 500 2674 museo
524 2641 750 2684 Cagliarensi
774 2639 826 2681 (X
843 2641 932 2675 7930
954 2641 1049 2675 vidit
1070 2641 1292 2687 Mommsen).
1339 2642 1382 2675 In
1399 2641 1470 2674 alio
1495 2641 1646 2673 termino
1669 2641 1710 2672 in
1733 2639 1854 2673 eadem

143 2701 293 2743 regione
315 2710 389 2742 rep.
416 2698 543 2731 lectum
566 2701 619 2731 est
642 2696 966 2740 [GJiddilitalnorum
991 2700 1026 2731 et
1052 2699 1093 2731 in
1114 2701 1219 2741 parte
1242 2699 1404 2742 opposita
1429 2695 1717 2740 Euthicianolrum
1743 2695 1851 2739 (Eph.

142 2758 179 2799 8,
199 2756 297 2798 752).
333 2775 379 2780 —
416 2757 447 2797 1)
474 2755 632 2789 Litterae
661 2757 892 2797 contignatas
921 2757 973 2787 sic
996 2755 1165 2788 videntur
1190 2755 1358 2798 legendae
1382 2764 1475 2794 esse‚·
1510 2752 1599 2796 qnid
1618 2754 1747 2794 subsit,
1779 2763 1853 2786 non

147 2812 269 2856 liquet.
287 2831 332 2836 —
357 2813 390 2853 2)
415 2811 639 2854 Signifieari‚
664 2811 772 2844 ollam
789 2810 967 2851 defossam
984 2822 1054 2844 esse
1076 2812 1140 2844 sub
1158 2813 1310 2845 termino
1330 2809 1394 2854 (cll
1414 2810 1547 2854 Hygin.
1562 2819 1599 2852 p.
1612 2808 1674 2842 440
1691 2808 1852 2848 Lachm.)

143 2871 275 2912 putant
298 2868 428 2902 Renier
452 2871 486 2901 et
508 2868 712 2902 Mommsen.

259 2946 399 2994 5983*
429 2949 623 2989 terminus
651 2947 656 3002 Ι
683 2949 844 3001 quintus
870 2945 877 3002 Ι
905 2947 1187 2988 Uddadbaddar
1209 2945 1214 3001 Ι
1240 2946 1504 2987 Numisiarum
1526 2955 1586 2999 (ab
1604 2955 1718 2988 attera
1732 2958 1853 2998 parto)

145 3015 393 3070 Eutychiani.

262 3083 376 3127 Prope
407 3083 567 3127 Cuglieri
595 3085 635 3117 in
667 3083 838 3117 Sardinia
869 3092 942 3125 rep.
979 3081 1078 3126 (Pais
1108 3081 1320 3116 Bendieonti
1350 3080 1441 3114 della
1474 3079 1605 3113 Accad.
1636 3079 1695 3112 dei
1717 3079 1853 3121 Line-ei,
