2092 3360
420 194 535 232 Tituli
560 205 711 241 operum
734 196 970 242 locorumque
992 195 1235 242 publicorum.
1258 215 1302 221 —
1332 195 1454 242 Signa.
1486 197 1596 232 Arae.
1782 195 1864 234 369

270 308 385 356 5458
438 311 467 352 1.
491 325 527 352 ο.
549 324 600 352 m.
628 314 635 363 Ι
662 318 700 353 et
730 310 925 352 numinib.
956 311 1056 364 Aug.
1084 309 1090 366 Ι
1117 311 1168 352 Μ.
1189 312 1292 352 Vari.
1314 312 1481 353 Severus
1507 311 1513 367 Ι
1540 311 1579 352 b.
1602 312 1697 353 cos.¹
1724 311 1730 361 Ι
1757 324 1863 352 aram

154 391 244 419 cum
272 378 277 433 Ι
306 379 492 421 cancellis
518 378 524 434 Ι
550 380 588 420 d.
619 393 651 421 s.
683 393 722 434 p.

271 447 488 481 Dor-chester
511 458 586 492 rep.
618 447 708 492 (VII
728 450 776 483 83
809 450 861 481 bie
883 450 926 481 ut
947 447 1092 481 videtur
1115 447 1325 492 descripta).
1360 466 1407 473 —-
1444 450 1475 489 1)
1501 447 1760 489 Beneficiarim
1784 458 1866 482 con-

152 503 296 538 sulae-is.

271 593 385 642 5459
433 597 590 638 Tertius
616 597 622 651 Ι
650 597 772 637 Prisci
793 597 1001 650 Poppaeae
1027 594 1033 652 Ι
1061 595 1252 637 Sabinae¹
1283 597 1475 650 dispens.²
1500 595 1506 652 Ι
1532 597 1700 638 vicarius
1730 609 1834 638 aram
1857 595 1863 654 Ι

155 671 194 705 et
224 665 469 718 crepidinem
500 665 612 712 fecit,
649 662 655 719 Ι
691 664 792 704 idem
823 659 1241 721 d[i]s[t]u[r]b[at]am³
1267 663 1273 719 Ι
1307 676 1329 704 a
1359 677 1462 704 novo
1492 661 1741 722 1=es[tit]ui[t].
1776 665 1782 720 Ι
1819 666 1865 706 D.

153 733 190 773 d·
223 733 250 773 L
269 733 382 834 jacie*
406 798 475 843 (XI
493 799 582 833 5448
604 799 772 832 viderunt
795 798 937 831 Henzen
960 797 1153 832 Mommsen
1176 798 1390 840 Bor-mann).
1414 817 1461 824 —
1486 800 1518 841 1)
1542 799 1659 833 Mater
1682 801 1866 845 Poppaeae

155 858 343 900 Augustae
367 855 469 900 (Tae.
487 866 570 889 ann.
586 855 644 898 45,
658 856 715 890 45.
730 857 784 897 45,
811 853 860 895 etl
883 856 931 889 ib.
947 854 1000 894 44,
1014 855 1050 888 2.
1066 854 1104 898 4)
1130 857 1195 888 aut
1218 866 1259 888 ea
1283 857 1374 899 ipsa.
1398 874 1444 881 —
1467 857 1502 898 2)
1525 856 1807 901 Dispensatoris.
1821 877 1865 883 -—

155 915 189 955 3)
214 914 357 947 Primus
380 913 582 946 enucleavit
607 912 800 946 Bormann.

273 1003 387 1049 5460
435 1004 597 1045 Herculi
627 1004 727 1056 Aug.
757 1015 914 1044 sacrum
945 1003 987 1044 C.
1018 1002 1141 1043 Iulius
1166 1001 1172 1058 Ι
1208 1003 1447 1045 Saturninus
1476 1004 1660 1045 sacerdos
1690 1005 1825 1047 Liberi
1857 1004 1863 1062 Ι

154 1073 280 1127 patris
318 1085 425 1113 aram
465 1084 586 1126 opere
627 1071 876 1124 quadratario
912 1083 931 1110 a
962 1071 1233 1112 fundamentis
1272 1074 1280 1126 Ι
1319 1085 1388 1113 sua
1418 1074 1587 1126 pecunia
1618 1086 1665 1114 ex
1695 1087 1727 1115 s.
1756 1087 1788 1115 s.
1822 1089 1864 1114 00

155 1142 329 1183 nummis
359 1141 452 1182 fecit
480 1139 725 1192 dedicavitq„
755 1138 987 1180 curantibus
1013 1136 1020 1194 Ι
1046 1139 1143 1180 Iulia
1169 1139 1309 1180 Getula
1339 1153 1464 1181 uxore
1495 1147 1534 1182 et
1563 1141 1671 1182 Iuliis
1692 1141 1866 1183 Getuleis

155 1211 239 1262 Apa
270 1216 310 1250 et
340 1209 557 1250 Saturnino
584 1205 591 1263 Ι
617 1208 774 1248 iuniore
804 1207 896 1248 filiis
926 1207 1023 1255 eius,
1055 1221 1090 1248 v,
1122 1222 1153 1249 s.
1184 1208 1210 1248 l.
1240 1221 1275 1248 a.

269 1276 412 1310 Cuiculi
429 1275 620 1319 (DJemila)
645 1273 840 1308 Numidiae
864 1274 975 1318 (VIII
995 1274 1031 1309 S.
1047 1275 1158 1309 20445
1182 1275 1295 1309 deser.
1319 1274 1467 1309 Reboud
1488 1279 1617 1310 auctor
1641 1279 1864 1315 accuratus).

266 1367 379 1414 5461
429 1381 503 1422 pro
533 1368 659 1408 salute
688 1369 784 1421 imp.
812 1365 819 1420 Ι
846 1367 954 1408 Caes.
985 1367 1036 1407 M.
1058 1367 1193 1408 Aureli
1220 1366 1227 1420 Ι
1253 1368 1448 1408 Antonini
1477 1370 1642 1422 Augusti
1669 1367 1675 1425 Ι
1702 1369 1865 1410 Germa-

154 1438 232 1478 nici
250 1438 429 1485 Sarmat„
456 1436 462 1488 Ι
488 1436 705 1477 liberorum
727 1437 909 1488 domusq.
928 1433 933 1490 Ι
953 1435 1038 1475 eius
1058 1435 1224 1484 divinae,
1252 1435 1258 1488 Ι
1285 1437 1330 1477 L.
1343 1436 1550 1478 Memmius
1565 1437 1674 1478 Felix
1695 1438 1837 1479 flamen
1858 1437 1863 1494 Ι

152 1506 288 1560 templi
318 1505 468 1546 domini
498 1502 719 1560 Aescullapi
753 1505 857 1544 hanc
887 1516 994 1544 aram
1034 1510 1074 1543 et
1112 1503 1118 1558 Ι
1161 1504 1278 1544 ollam
1308 1518 1388 1545 aer.
1420 1505 1579 1546 caldar.¹
1619 1512 1659 1547 et
1688 1504 1865 1562 urlceum

153 1580 194 1615 et
221 1575 427 1615 lucernam
457 1585 537 1613 aer.
564 1571 571 1627 Ι
597 1586 629 1613 s.
660 1586 700 1626 p.
731 1574 759 1613 f.
790 1573 936 1625 idemq.
966 1572 1170 1613 dedicavit.

274 1639 399 1674 Krisclz
433 1644 469 1673 et
505 1640 621 1681 Wiid,
656 1641 720 1672 ubi
754 1638 831 1680 fuit
869 1639 1040 1674 Thisiduo
1073 1641 1285 1683 provinciae
1319 1639 1471 1680 Africae
1507 1639 1622 1685 (VIII
1652 1641 1740 1676 4267
1774 1642 1867 1676 vidit

157 1697 388 1742 Wihnanm).
405 1716 452 1722 —
477 1698 510 1739 1)
534 1698 687 1730 Aer-eam
711 1696 926 1730 caldariam.

269 1788 383 1835 5462
422 1790 468 1830 Τ.
488 1789 644 1830 Flavius
675 1789 719 1829 T.
741 1791 769 1828 f.
790 1789 898 1828 Tro.¹
920 1790 1115 1829 Proculus
1135 1788 1299 1837 Salon.¹‚
1326 1787 1333 1843 Ι
1358 1789 1410 1819 ⁷²
1439 1790 1488 1829 de
1508 1802 1581 1830 suo
1603 1790 1711 1831 dedit
1738 1792 1866 1831 mani-

155 1858 359 1912 pularibus
387 1860 470 1898 suis
496 1855 502 1910 Ι
528 1858 568 1898 in
602 1857 771 1898 Genium
801 1857 1029 1897 centuriae³
1066 1868 1159 1897 suae
1187 1854 1194 1910 Ι
1218 1857 1451 1909 ponendum
1474 1853 1691 1899 HSCCCC
1720 1860 1779 1907 fi.‚
1818 1860 1865 1899 ad

156 1939 274 1979 quam
301 1926 307 1980 Ι
333 1937 527 1967 summam
548 1925 690 1966 adiecit
708 1921 760 1959 7⁴
789 1923 968 1965 eiusflfl·
984 1924 1075 1965 CCC
1095 1925 1152 1972 in,
1179 1921 1185 1978 Ι
1213 1923 1360 1964 eisdem
1389 1925 1457 1976 qui
1475 1926 1679 1965 mensam‘
1708 1938 1863 1967 aeream

157 2001 196 2034 et
225 1994 474 2047 protectum⁶
500 1991 506 2048 Ι
541 1994 734 2034 fecerunt.
796 1993 952 2033 Positus
982 1992 1037 2032 111
1067 2005 1164 2032 non.
1189 1991 1277 2031 Mai.
1305 1990 1310 2045 Ι
1338 1991 1434 2044 imp.
1465 1991 1635 2034 Traiano
1667 1993 1865 2035 Hadriano

159 2059 255 2119 [I]l‚
288 2062 358 2102 Cn.
381 2061 510 2102 Fusco
542 2061 763 2102 Salinatore
793 2061 892 2101 cos.⁷

272 2128 403 2162 Romae
432 2138 527 2171 rep„
559 2127 666 2161 arula
689 2137 799 2161 aenea
831 2126 990 2172 (Henzen
1015 2126 1100 2161 bull.
1124 2128 1209 2161 inst.
1232 2127 1334 2161 areli.
1356 2126 1446 2160 4882
1468 2137 1504 2169 p.
1526 2127 1600 2172 38).
1637 2147 1683 2154 —
1720 2131 1752 2171 1)
1780 2129 1866 2163 Tro-

155 2187 316 2219 mentina
347 2186 463 2218 tribus
486 2184 795 2218 Salonitanorum.
829 2202 874 2208 —
911 2184 946 2226 2)
978 2182 1159 2217 Centurio.
1194 2202 1239 2208 —
1274 2184 1308 2225 3)
1340 2181 1394 2223 Cf.
1417 2193 1530 2227 supra
1552 2184 1598 2219 Ν.
1621 2185 1711 2220 2406
1734 2190 1798 2220 cet.
1822 2206 1868 2212 —

156 2245 192 2285 4)
218 2242 387 2276 centuria
405 2241 551 2285 (similis
565 2242 606 2273 in
621 2240 745 2274 multis
760 2243 812 2274 ert
828 2240 957 2274 titulus
973 2251 995 2272 a
1013 2241 1222 2273 centurione
1238 2243 1274 2273 et
1288 2243 1453 2274 centuria
1470 2244 1617 2284 positus
1631 2242 1677 2277 N.
1688 2242 1809 2288 2462).
1822 2263 1867 2269 -

157 2300 192 2341 5)
217 2297 272 2338 Cf.
288 2297 334 2332 N.
350 2299 451 2332 5545.
477 2317 524 2323 -
548 2299 583 2340 6)
608 2296 661 2337 Cf:
682 2297 734 2332 VI
745 2297 821 2331 564.
836 2297 943 2330 27574
958 2299 1020 2337 (--
1035 2296 1268 2339 Orell.4545).
1291 2297 1435 2332 Χ4887.
1452 2317 1497 2323 —-
1522 2300 1556 2341 7)
1578 2298 1622 2332 A.
1635 2309 1674 2342 p.
1692 2299 1727 2334 0.
1743 2300 1820 2334 448.

272 2385 386 2432 5463
435 2388 478 2427 Ρ.
500 2384 686 2441 ΡιιίὶείΙυε
708 2384 982 2441 Primilgenius
1010 2385 1015 2440 Ι
1041 2392 1178 2427 sancto
1204 2386 1210 2440 Ι
1237 2386 1395 2427 Silvano
1421 2386 1428 2442 Ι
1455 2387 1716 2444 columelflam
1745 2401 1835 2429 cum
1859 2386 1864 2443 Ι

158 2455 322 2496 lucerna
351 2453 357 2510 Ι
382 2467 496 2496 aerea
522 2455 530 2507 Ι
556 2455 593 2494 d.
626 2455 663 2494 d.

271 2521 414 2563 Romae,
439 2522 603 2556 columna
622 2520 781 2565 parvula
805 2519 874 2560 (VI
895 2521 959 2554 676
982 2520 1031 2553 ad
1053 2521 1303 2564 apographum
1326 2520 1468 2561 factum
1491 2533 1584 2558 saec.
1609 2521 1759 2565 XVIII).

273 2612 386 2658 5464
430 2614 472 2654 C.
495 2615 651 2654 Annius
673 2613 714 2653 C.
736 2614 764 2653 f.
785 2613 952 2652 Roman.
979 2610 985 2667 Ι
1012 2613 1173 2654 decurio
1200 2615 1358 2666 signum
1389 2627 1479 2654 cum
1506 2612 1512 2669 Ι
1538 2620 1682 2654 statera
1712 2615 1749 2654 d.
1772 2616 1808 2655 d.

273 2679 414 2721 Romae,
438 2691 535 2713 nune
558 2679 711 2723 Neapoli
735 2679 807 2719 (VI
826 2679 898 2713 852
914 2695 959 2708 Ε
975 2680 1087 2713 29685
1110 2680 1204 2713 vidit
1226 2680 1449 2724 Mommsen).

276 2770 388 2816 5465
436 2785 510 2825 pro
543 2768 694 2828 [salute]
722 2770 728 2827 Ι
763 2766 1037 2826 imp[eratoris]
1064 2768 1070 2825 Ι
1097 2770 1206 2812 Caes.
1238 2768 1436 2827 Aug[usti]
1466 2770 1471 2825 Ι
1508 2772 1633 2812 nostri
1659 2771 1666 2827 Ι
1694 2772 1736 2812 L.
1769 2773 1867 2825 Sep-

163 2840 248 2880 timi
278 2840 411 2880 Severi
436 2840 655 2880 Pertinacis
666 2841 690 2889 ¹,
720 2839 724 2893 Ι
752 2839 912 2880 Herculi
943 2838 1097 2878 numini
1124 2836 1130 2893 Ι
1156 2845 1293 2879 sancto
1321 2837 1327 2892 Ι
1353 2851 1442 2878 cum
1473 2838 1557 2879 basi
1588 2845 1836 2886 marmorata,
1860 2839 1865 2893 Ι

163 2907 477 2961 acceptatoribus
503 2907 510 2960 Ι
536 2914 575 2948 et
604 2908 802 2956 terra1·is2‚
830 2905 835 2962 Ι
864 2907 904 2947 C.
927 2905 1087 2947 Sentius
1113 2905 1120 2960 Ι
1145 2906 1320 2947 Portesis
1345 2905 1352 2960 Ι
1378 2920 1410 2948 s.
1441 2919 1480 2959 p,
1512 2906 1549 2946 d.
1581 2907 1618 2946 d.

275 2975 390 3017 Prope
406 2975 553 3008 Portum
570 2973 767 3008 Romanum
782 2985 868 3018 rep„
894 2977 945 3006 est
961 2972 1091 3006 Romae
1114 2970 1221 3016 (XIV
1230 2972 1272 3006 46
1295 2973 1387 3006 vidit
1403 2973 1576 3017 Henzen).
1602 2991 1647 2998 —
1674 2973 1707 3013 1)
1731 2972 1869 3007 Nomen

165 3028 345 3072 Septimii,
375 3033 548 3074 seriptum
570 3032 611 3063 in
634 3033 753 3075 spatio
778 3030 952 3074 depresso,
983 3029 1126 3062 videtur
1148 3031 1379 3063 substitutum
1403 3040 1476 3062 esse
1507 3040 1574 3072 pro
1597 3031 1742 3062 nomine
1765 3041 1867 3064 eraso

166 3084 358 3120 Commodi.
379 3105 426 3112 —
447 3088 483 3129 2)
506 3087 685 3121 Incertum
710 3097 802 3131 quae
825 3089 1063 3119 instrumenta
1084 3086 1347 3128 significentur.

233 3170 372 3205 Danu.
390 3170 597 3207 Inscriptionee
615 3171 738 3200 Latinae
755 3173 795 3200 Il.
1555 3167 1599 3199 24
