2092 3360
211 172 325 211 Tituli
349 172 446 210 sacri
469 175 507 210 et:
530 173 772 211 sacerdotum.
791 193 834 199 —
859 173 1029 219 Virgines
1045 173 1224 211 Vestales.
1253 174 1372 220 Reges
1388 184 1587 211 sacrorum.
1621 174 1721 212 Salii.
1795 175 1878 213 255

165 284 249 323 bau.
267 287 354 321 ‹1011’
371 288 457 323 Inst.
480 288 566 323 1884
586 299 624 333 p.
638 288 722 333 55).
743 307 785 313 —
812 289 846 331 2)
872 288 956 322 Viri
980 288 1182 322 clarissimi.
1207 306 1250 312 —
1283 289 1316 331 3)
1342 289 1511 322 Eiusdem
1535 290 1692 323 nominis
1716 290 1772 323 vir
1796 292 1879 322 tem-

162 346 315 390 poribus
338 346 562 380 Diocletiani
583 347 805 379 memoratur
827 347 867 379 in
892 344 1008 379 titulis
1030 343 1220 386 Africanis
1244 345 1332 379 7111
1354 347 1428 381 608.
1452 347 1549 382 3552
1572 349 1636 380 cet.
1667 365 1711 371 -
1748 344 1784 392 4)
1809 346 1879 379 Pro

164 404 326 436 meritis?
350 402 506 448 (Lana).
530 421 576 428 —
600 404 634 444 5)
658 403 702 437 A.
716 404 794 438 564.

279 482 393 530 4939
435 515 444 525 .
463 514 472 524 .
491 515 500 525 .
529 483 535 538 Ι
563 515 572 525 .
591 514 600 524 .
619 515 628 524 .
646 514 655 524 .
676 480 939 540 [contine]ntis
974 485 1086 533 vitae,
1124 483 1129 538 Ι
1166 485 1388 538 pudicitiae,
1427 484 1628 533 castitatis,
1656 483 1663 538 Ι
1689 484 1794 524 iuxta
1824 485 1879 524 le-

165 565 254 606 gem
282 550 288 607 Ι
315 553 502 594 divinitus
531 553 672 601 datam,
700 550 706 606 Ι
734 553 893 593 decreto
926 552 1172 605 pontificum.

281 618 413 653 Romae
427 630 503 664 rep.
527 620 580 653 ibi
602 621 666 653 ubi
682 630 743 653 eae
760 630 850 663 quae
864 619 1087 663 praecedunt
1110 629 1143 653 a.
1159 618 1243 653 1891
1262 618 1317 662 (V
1315 619 1335 652 Ι
1345 620 1461 654 52424
1485 619 1576 652 vidit
1592 618 1744 652 Huelsen
1753 630 1767 660 ;
1791 619 1881 652 Bar·

165 676 271 709 nabei
293 675 437 709 Notizis
451 676 536 711 1891
558 687 595 721 p.
610 677 713 719 252).

285 731 442 766 thum
462 733 600 767 Caeliae
618 733 839 767 Concordiae
862 734 1019 776 virginis
1038 732 1191 767 Vestalis
1213 732 1394 765 maximae
1418 732 1524 764 habes
1546 741 1657 774 supra
1674 730 1719 766 Ν.
1735 731 1834 766 1261.

279 811 395 859 4949
434 815 479 855 D.
501 815 679 856 Licinius
706 813 712 869 Ι
740 816 783 855 D.
806 816 832 858 1.
854 815 1079 867 Astragalus
1104 813 1111 869 Ι
1138 814 1322 855 sacerdos
1349 812 1547 864 virginum
1574 814 1580 866 Ι
1609 812 1832 852 Vestalium.

279 880 412 915 Rornae
435 892 509 925 rap.
534 882 584 915 ad
606 884 701 916 viam
725 882 894 916 Latinam
921 881 994 925 (VI
1011 881 1102 916 2150
1127 879 1175 920 os'.
1197 891 1234 923 p.
1250 880 1345 914 5295
1368 878 1461 912 vidit
1487 878 1616 923 Gatti).

282 960 394 1007 4941
439 993 618 1003 .......
647 962 652 1019 Ι
680 963 720 1004 C.
745 965 796 1003 Va
815 993 963 1003 ......
1001 961 1006 1017 Ι
1044 974 1112 1002 rex
1142 973 1368 1009 sacrorum,
1401 973 1539 1013 augur,
1576 959 1581 1014 Ι
1616 973 1705 1001 cum
1736 960 1880 1000 Manlia

166 1030 210 1070 L.
233 1030 259 1070 f.
282 1030 426 1071 Fadilla
454 1032 460 1083 Ι
486 1033 624 1085 regina
654 1043 858 1073 sacrorum
884 1029 892 1084 Ι
918 1031 1020 1084 patri
1051 1029 1266 1072 karissimo.

281 1096 412 1131 Romae
437 1098 506 1142 (71
527 1099 623 1134 2125
646 1101 803 1132 servavit
826 1098 1071 1142 sirmondus).

281 1165 418 1212 494Ῑῦ
454 1197 463 1207 .
482 1198 491 1207 .
511 1198 520 1207 .
539 1197 548 1207 .
567 1167 573 1221 Ι
597 1168 737 1208 Manlia
762 1168 804 1207 L.
826 1168 853 1207 f.
875 1167 1021 1207 Fadilla
1045 1164 1049 1222 Ι
1073 1166 1211 1219 regina
1231 1177 1344 1213 saon,
1366 1165 1507 1205 marito
1532 1162 1537 1219 Ι
1561 1164 1710 1217 optimo
1733 1170 1773 1204 et.
1791 1163 1879 1205 sibi.

281 1235 396 1278 Pmpe
418 1234 566 1268 Romam
590 1234 640 1268 ad
661 1235 758 1268 viam
784 1234 942 1268 Cassiam
967 1233 1037 1278 (71
1058 1233 1148 1268 2124
1172 1233 1328 1265 servavit
1350 1231 1591 1275 F'abrettius).

280 1291 359 1324 Atti
380 1302 482 1335 roges
503 1302 691 1325 sacrorum
710 1292 839 1335 populi
862 1290 1017 1324 Romani
1037 1294 1122 1323 sunt
1145 1300 1257 1332 supra
1283 1287 1325 1323 N.
1342 1289 1418 1323 971.
1443 1288 1543 1322 1045.

279 1370 398 1418 4942
440 1373 476 1417 d.
510 1386 562 1414 m.
590 1373 597 1429 Ι
625 1375 669 1414 L.
691 1374 836 1414 Manlio
866 1373 912 1413 L.
941 1374 967 1413 t.
998 1373 1079 1413 Pal.
1107 1370 1112 1427 Ι
1141 1372 1285 1428 Severo
1317 1371 1401 1422 regi
1432 1367 1684 1423 sacflrorumfi
1723 1367 1881 1422 fictori}

166 1441 399 1494 pontificum
431 1454 470 1494 p.
501 1441 560 1490 R„
592 1440 762 1498 lllllviro
795 1439 1108 1496 Bovillensilum‚
1148 1436 1404 1492 collactanelo
1435 1437 1663 1478 dulcissimo
1694 1442 1733 1476 et
1771 1435 1778 1491 Ι
1820 1437 1883 1476 ἰη-

165 1509 466 1562 dulgentissimo
493 1510 499 1563 Ι
526 1522 618 1563 erga
649 1524 690 1552 se
721 1511 825 1551 fecit.

285 1576 399 1610 Castel
424 1576 591 1618 Gandolfi
615 1578 665 1611 ad
688 1578 806 1611 lacum
828 1578 1021 1618 Albanum,
1045 1578 1119 1609 iam
1144 1574 1273 1608 Romae
1297 1572 1404 1618 (XIV
1419 1572 1510 1607 2415
1535 1572 1627 1605 vidit
1649 1570 1822 1615 Henzen).
1839 1590 1884 1595 —

169 1635 201 1674 1)
226 1631 303 1666 Rex
325 1643 514 1667 sacrorum
538 1633 694 1674 fortasse
716 1645 791 1668 non
814 1634 946 1668 Romae
973 1633 1036 1666 sed
1057 1634 1110 1666 ibi
1131 1633 1195 1664 ubi
1218 1630 1294 1671 fuit
1317 1631 1548 1672 quattuorvir
1570 1629 1730 1662 Bovillis.

281 1712 395 1759 4943
453 1728 487 1756 v·
520 1716 560 1755 f.¹
597 1715 604 1770 Ι
639 1716 682 1756 L.
714 1716 866 1769 Appius
899 1714 905 1770 Ι
941 1714 1078 1755 Sabini
1109 1710 1226 1768 lib.²}
1264 1712 1478 1753 Cinnamus
1513 1709 1520 1765 Ι
1562 1706 1709 1766 [fic]t0r
1738 1705 1883 1764 ponti}-

170 1778 318 1840 [fiou]m
348 1783 510 1831 Romae,
537 1781 544 1839 Ι
571 1781 732 1840 [secov]ir
762 1786 875 1837 Aug„
905 1783 994 1824 sibi.

285 1849 450 1883 Veronae
474 1848 532 1894 (V
545 1851 642 1886 5552
667 1852 859 1894 aliquoties
883 1852 1061 1894 descripta
1084 1859 1176 1882 saec.
1199 1846 1275 1880 XV.
1299 1845 1411 1891 XVI).
1440 1864 1486 1869 —
1523 1846 1555 1886 1)
1580 1844 1693 1878 Vivus
1716 1841 1816 1883 feeit.
1839 1861 1884 1869 —

170 1908 204 1947 2)
228 1907 343 1949 Appii
359 1906 487 1940 Sabini
508 1911 593 1941 sunt
608 1907 663 1941 XI
675 1908 757 1941 1146
774 1908 839 1943 col.
855 1908 892 1949 5,
907 1909 970 1951 40;
994 1905 1249 1945 Dittenberger
1265 1906 1299 1935 et
1315 1902 1476 1945 Pur-gold
1500 1902 1635 1934 Insclzr.
1659 1911 1692 1933 υ.
1719 1899 1884 1944 Olympia

168 1973 204 1996 n.
219 1964 300 1998 555.

283 2031 402 2077 4944
442 2034 688 2074 mansiones¹
709 2035 895 2073 saliorum
916 2029 1195 2085 Palatinolrum
1218 2042 1238 2068 a
1260 2029 1459 2068 veteribus
1481 2027 1533 2067 ob
1554 2038 1753 2066 armorum
1774 2037 1883 2078 mag·

172 2101 345 2141 natium²
377 2099 382 2154 Ι
425 2102 642 2142 custodiam
672 2102 907 2142 constitutas
932 2100 1051 2151 longa
1081 2093 1224 2153 nimi[s]
1258 2095 1265 2149 Ι
1304 2096 1454 2136 aetate-³
1490 2095 1689 2147 neglectas
1715 2094 1885 2146 pecunia

170 2169 262 2210 sua⁴
288 2167 294 2225 Ι
322 2175 608 2222 reparaverunt
637 2170 846 2222 pontifices
878 2168 1014 2208 Vestae
1041 2164 1047 2221 Ι
1072 2178 1131 2205 vv.
1153 2165 1227 2206 cc.⁴
1258 2164 1559 2217 promagisterio
1592 2161 1706 2202 Plotii
1737 2161 1850 2202 Acilii
1876 2162 1884 2211 Ι

173 2236 326 2286 Lucilli,
358 2238 512 2278 Vitrasii
544 2237 804 2278 Praetextati⁸
832 2249 891 2276 W.
923 2248 980 2276 ce.

287 2303 421 2338 Romae
452 2315 526 2348 rep.
558 2307 596 2338 in
620 2305 810 2338 ruderibus
833 2303 954 2347 templi
977 2302 1109 2336 Martis
1137 2300 1270 2336 Ultoris
1293 2301 1332 2332 in
1354 2297 1442 2344 foro
1466 2297 1626 2340 Augusti
1658 2294 1724 2339 (of.
1750 2295 1886 2328 Jordan

176 2359 208 2395 T
205 2371 261 2404 op.
278 2361 299 2395 1
316 2362 342 2395 2
363 2372 401 2405 p.
416 2363 479 2396 447
502 2365 577 2396 not.
593 2362 676 2406 45),⁸
698 2362 817 2404 ibique
847 2362 949 2394 emeat
977 2359 1040 2392 sed
1061 2360 1252 2392 imminuta
1277 2356 1349 2400 (71
1368 2356 1460 2389 2158
1482 2354 1576 2387 vidit
1598 2353 1758 2391 Henzen,
1794 2362 1887 2395 quae

171 2418 359 2461 perierunt
382 2419 572 2462 adsumpta
596 2430 643 2452 ex
666 2418 877 2462 apographo
900 2415 999 2456 facto
1021 2426 1112 2450 saec.
1136 2413 1210 2450 XV
1226 2412 1407 2456 exeunte).
1430 2430 1475 2436 —
1506 2412 1538 2452 1)
1566 2409 1675 2443 Curia
1698 2408 1886 2451 saliorum,

174 2485 282 2518 quam
305 2478 480 2509 memorat
506 2475 576 2510 Cic.
601 2475 645 2509 do
668 2475 739 2508 div.
761 2474 792 2515 1,
809 2474 860 2516 17,
874 2474 932 2514 50,
957 2473 1097 2506 diversa
1122 2471 1265 2504 videtur
1287 2468 1408 2510 fuisse.
1433 2486 1478 2492 —
1503 2468 1536 2508 2)
1564 2466 1741 2500 Videntur
1764 2464 1887 2497 eadem

174 2542 249 2566 esse
273 2542 364 2575 quae
383 2532 596 2576 plerumque
618 2533 788 2566 dicantur
813 2530 960 2565 ancilia.
985 2548 1030 2554 -
1059 2530 1092 2571 3)
1115 2526 1374 2571 longanimitate
1399 2523 1649 2567 apographum
1672 2524 1782 2562 vetus,
1806 2545 1816 2555 .
1831 2546 1839 2554 .
1853 2544 1885 2555 ..

174 2613 208 2626 ..
222 2591 336 2623 aetate
358 2594 520 2632 superest
543 2591 721 2631 (restituit
744 2588 968 2628 Mommsen).
1004 2604 1049 2611 -
1084 2586 1120 2628 4)
1143 2585 1203 2618 Ea:
1227 2594 1267 2616 oo
1293 2581 1389 2627 quod
1411 2581 1569 2624 pecunia
1594 2589 1661 2611 sua
1684 2579 1887 2611 mansiones

175 2645 351 2679 saliorum
373 2650 638 2690 reparaverunt
657 2644 857 2690 pontifices,
882 2643 1102 2685 Bor-gnosius
1118 2652 1198 2685 opp.
1213 2641 1246 2683 7,
1260 2641 1332 2675 582
1357 2638 1501 2682 collegit
1525 2636 1670 2670 titulum
1693 2636 1887 2668 muratum

176 2713 250 2735 esse
271 2706 353 2745 poet
375 2713 511 2736 annum
526 2704 609 2745 582,
636 2713 705 2745 quo
725 2702 922 2735 Gratianus
946 2699 1095 2732 deorum
1117 2698 1258 2732 reditus
1280 2699 1320 2730 in
1342 2696 1467 2736 fiscum
1493 2694 1679 2733 convertit,
1703 2701 1776 2725 non
1792 2693 1887 2724 recte

175 2761 217 2791 ut
239 2759 393 2795 videtur.
430 2778 475 2785 —
511 2761 546 2802 5)
570 2759 653 2793 Viri
677 2759 881 2793 clarissimi.
915 2774 961 2780 —
994 2757 1029 2798 6)
1053 2754 1232 2788 Lucillum
1255 2757 1290 2787 ot
1313 2753 1595 2787 Praetextatum·
1615 2749 1752 2782 duobus
1781 2748 1887 2780 annis

177 2817 359 2850 continuis
378 2817 642 2860 promagistros
664 2814 779 2855 fuisse
801 2815 931 2848 statuit
955 2811 1156 2846 Mommsen.

291 2872 420 2906 Album
443 2873 619 2907 saliorum
643 2873 891 2906 Palatinarum
915 2870 1021 2903 habes
1043 2866 1145 2908 infra
1169 2866 1213 2902 N.
1229 2868 1331 2902 5024.

290 2952 403 3000 4945
458 2955 499 2996 C.
532 2955 688 2996 Curtius
715 2952 721 3008 Ι
748 2954 854 2994 Post.
887 2953 925 2991 l.¹
958 2950 1134 2991 Helenus
1150 2947 1167 3003 -Ι
1192 2949 1391 3002 lupercus.

293 3022 353 3056 Ea:
375 3023 463 3056 urbo
487 3021 597 3056 Roma
625 3024 667 3054 ut
689 3021 833 3054 videtur
855 3021 894 3052 in
919 3018 1083 3052 Siciliam
1107 3016 1218 3050 allata
1251 3017 1269 3056 (
1271 3014 1322 3050 71
1341 3014 1456 3049 52457
1489 3010 1582 3044 vidit
1604 3007 1797 3042 Mommsen
1822 3005 1887 3039 Pa·

179 3080 325 3120 normi).
349 3097 392 3103 —
420 3080 452 3117 1)
476 3078 646 3112 Eiusdem
670 3078 828 3111 Postumi
849 3075 968 3110 Curtii
992 3074 1118 3107 Iiberta
1142 3075 1194 3106 est
1214 3070 1268 3106 XI
1286 3071 1394 3106 5528.
