2092 3360
539 163 655 200 Tituli
678 163 776 200 sacri
798 165 836 200 et
858 163 1101 200 sacerdotum.
1122 184 1165 190 —
1189 163 1350 201 Numine
1374 164 1527 202 Galliae.
1804 165 1887 205 221

285 278 400 326 Μ
449 279 592 321 Sedato
618 277 626 335 Ι
651 291 808 321 sacrum
834 278 840 334 Ι
875 278 1003 320 coh.1
1036 279 1122 320 Bre.
1151 278 1156 333 Ι
1183 292 1231 320 ex
1259 292 1294 321 v.
1325 293 1357 321 s.
1388 280 1429 321 l.¹
1457 279 1463 335 Ι
1490 280 1534 321 V.
1563 294 1596 322 s.
1627 292 1661 322 c.
1693 280 1745 321 a.'
1773 280 1847 322 lul.
1881 278 1887 334 Ι

170 346 353 404 Maximlo
383 348 468 389 dec.

285 414 404 456 Pl'iinz
429 415 479 449 ad
493 414 639 448 limitem
655 413 804 448 Raetiae
827 424 902 458 rep.
929 414 1105 455 (1115948
1127 414 1221 448 vidit
1236 414 1459 460 Mommsen).
1481 434 1527 441 -—
1554 417 1586 458 1)
1612 416 1746 451 Cohors
1765 419 1888 461 prima

170 472 395 506 Breucorum
419 483 467 506 ex
490 474 571 506 voto
594 471 703 505 solvit
725 471 850 505 libens.
873 490 919 497 —
942 473 977 514 2)
1002 471 1134 505 Votum
1156 471 1314 505 solutum
1339 475 1536 517 cumgente
1560 471 1630 516 (sic
1652 473 1843 519 Momm).

285 529 456 563 Eiusdem
481 529 540 562 dei
559 530 748 572 praeterea
780 529 950 562 habemus
980 529 1106 562 titulos
1130 529 1358 563 Pannonicos
1383 529 1440 562 III
1457 530 1553 564 3922
1577 529 1637 563 III
1657 530 1693 565 S.
1716 530 1832 566 40555
1855 533 1891 564 et

172 586 368 620 Moesicum
391 585 450 619 III
464 584 501 620 S.
518 586 619 619 8086.

285 653 403 700 4687
451 657 526 696 deo
557 656 739 707 Sinquati
766 653 772 710 Ι
799 655 844 694 L.
868 655 1124 710 llonoratflius
1153 659 1293 696 Aunus
1319 657 1326 710 Ι
1353 667 1386 694 ν.
1417 668 1448 695 s.
1478 657 1505 694 Ι.
1536 668 1590 695 ιη.

286 723 402 766 Prope
426 721 586 763 confinia
611 724 717 764 regni
735 722 876 764 Belgici
898 724 932 754 et
954 712 1238 765 Francogalliae
1261 732 1350 765 rep.‚
1375 721 1452 755 loco
1469 721 1566 755 dicto
1581 722 1716 768 Fagny
1734 722 1830 768 (d6p.
1845 725 1891 758 de

173 779 208 813 la
220 778 369 822 Mense),
385 779 452 821 vel,
467 781 501 812 si
514 779 604 812 alios
615 781 812 822 sequimur,
830 776 1023 812 Ger-omont
1033 789 1149 822 prope
1162 777 1366 813 Gerouville
1378 778 1490 818 (Luoe.
1504 778 1624 823 belg),
1642 780 1764 814 tabula
1776 791 1889 815 aenea

172 834 435 879 (Publieatiom
459 836 502 869 de
527 837 562 869 Ia
587 834 729 870 societ&
752 845 851 878 pour
882 835 917 868 la
941 836 1131 869 recherche
1161 835 1223 868 des
1244 845 1400 868 monum.
1425 836 1550 869 histor.
1575 836 1666 869 dans
1694 837 1725 869 le
1751 836 1890 871 Grand-

170 891 299 926 Duche
319 892 362 926 de
379 892 639 935 Luoeembourg
653 894 686 934 6,
709 892 797 926 4850
821 892 893 926 tab.
912 892 951 926 V
965 891 1030 934 fig.
1046 892 1070 925 2
1095 890 1143 932 cf.
1164 901 1202 935 p.
1218 891 1261 926 47
1265 900 1280 935 ;
1305 890 1467 925 Lie'nard
1488 889 1643 927 anneot.
1660 892 1755 927 dela
1771 893 1891 928 Meuse

173 949 233 983 III
250 959 287 993 p.
302 951 346 983 84
371 951 443 984 tab.
461 949 579 984 XXIV
601 961 636 984 n.
653 949 704 994 4).

239 1064 251 1104 l
286 1005 403 1052 4688
451 1008 525 1048 deo
557 1008 715 1048 Silvano
747 1006 858 1058 Sinq.
885 1004 892 1059 Ι
919 1005 1131 1046 Paternius
1160 1016 1233 1057 pro
1265 1003 1402 1060 sallute
1426 1006 1591 1047 Emeriti
1621 1007 1675 1048 fili
1702 1005 1708 1062 Ι
1735 1009 1796 1049 sui
1827 1009 1889 1049 io¹

174 1077 206 1105 s.
255 1094 264 1104 .
295 1077 348 1104 m.

284 1130 359 1166 Una
377 1140 456 1164 cum
473 1142 514 1163 ea
532 1141 624 1173 quae
634 1129 822 1173 praecedit
844 1139 931 1172 rep„
957 1129 1051 1161 basis
1066 1129 1167 1170 signi
1182 1130 1286 1161 aenei
1302 1128 1481 1172 (iuvenem
1501 1130 1639 1163 nudum
1661 1133 1890 1178 exhibentis),

174 1190 278 1221 cuius
300 1185 458 1227 inferior
476 1197 566 1230 pars
590 1190 729 1220 tantum
751 1189 865 1219 restat
889 1185 1154 1230 (Publications
1170 1185 1265 1218 dela
1283 1184 1425 1219 Soeie'te
1443 1197 1539 1229 pour
1562 1187 1598 1220 Ia
1615 1190 1806 1222 recherche
1831 1190 1891 1223 des

172 1254 329 1278 monum.
347 1243 435 1277 dans
452 1243 484 1276 le
502 1241 769 1276 Grand-Duche
782 1243 825 1276 de
839 1242 1097 1284 Luoeembourg
1108 1243 1140 1284 6,
1156 1241 1244 1275 4850
1261 1243 1332 1276 tab.
1353 1242 1392 1276 V
1399 1243 1462 1286 fig.
1475 1243 1494 1277 4
1520 1242 1567 1283 cf.
1588 1255 1626 1287 p.
1643 1245 1686 1278 49
1691 1253 1706 1287 ;
1730 1244 1893 1279 Lienard

174 1301 197 1336 1.
214 1311 245 1336 c.
267 1301 365 1344 Ρ.85
390 1300 461 1333 tab.
477 1298 604 1333 XXIV
618 1309 654 1333 n.
669 1299 719 1342 7).
743 1318 788 1324 -
816 1301 848 1341 1)
872 1299 906 1333 io
931 1309 1004 1332 non
1030 1298 1266 1340 intellegitur.

287 1380 402 1426 4689
450 1385 524 1421 deo
552 1380 557 1436 Ι
585 1383 742 1421 sucelo.

285 1446 453 1482 Eburaci
474 1459 561 1491 rep„
586 1447 719 1481 anulus
741 1451 935 1490 argenteus
959 1447 1068 1491 (Eph.
1083 1447 1119 1488 5,
1132 1447 1194 1480 484
1223 1447 1385 1480 Huebner
1407 1446 1500 1479 vidit
1521 1450 1688 1491 eetypum
1712 1449 1890 1493 aeneum).

172 1525 219 1532 —
242 1506 407 1540 Eundem
439 1505 543 1538 deum
574 1506 763 1538 habuimus
791 1515 903 1548 supra
933 1503 980 1538 N.
1002 1503 1096 1537 4644.
1119 1503 1204 1537 4645
1211 1515 1225 1544 ,-
1260 1503 1372 1536 eidem
1398 1507 1587 1546 praeterea
1621 1504 1779 1538 dedicati
1807 1510 1893 1539 sunt

174 1562 275 1596 tituli
291 1562 506 1596 Viennensis
524 1562 595 1596 XI!
609 1562 698 1596 4856
723 1560 802 1603 (deo
820 1560 984 1604 Sucello),
1019 1560 1315 1594 Eburodunensis
1330 1559 1419 1593 XIII
1432 1561 1521 1593 5057
1533 1575 1574 1588 =
1593 1560 1755 1596 Momms.
1778 1562 1891 1597 Inser.

174 1620 272 1653 Helv.
290 1619 352 1653 440
376 1618 556 1661 (Suedio),
590 1618 782 1652 Rhenanus
797 1617 885 1651 XIII
899 1618 991 1652 6224
1006 1633 1052 1645 =
1067 1617 1270 1650 Brambach
1285 1617 1353 1650 884
1376 1617 1454 1658 (deo
1474 1616 1624 1659 Sucelo).

287 1699 402 1744 4691»
452 1702 606 1742 numin.
635 1702 642 1754 Ι
667 1704 768 1752 Aug.
800 1707 839 1739 et
863 1702 869 1753 Ι
897 1697 1004 1754 [djeo
1035 1700 1190 1739 ΤθΙοη.1
1218 1698 1223 1752 Ι
1252 1728 1262 1737 .
1280 1728 1290 1738 .
1323 1700 1426 1739 mai.
1445 1728 1454 1738 .
1472 1729 1482 1738 .

290 1765 510 1810 Pir-igneus,
531 1768 595 1800 ubi
609 1765 686 1806 fuit
702 1767 872 1801 Vesunna
891 1765 957 1809 (cs.
973 1776 1084 1809 supra
1101 1765 1147 1799 N.
1162 1765 1272 1809 3755)
1291 1766 1584 1799 Petrucoriorum
1602 1765 1708 1809 (XIII
1718 1766 1786 1799 948
1799 1766 1892 1798 vidit

174 1821 411 1867 Hirschfeld).
443 1842 489 1848 -
528 1824 560 1866 1)
583 1823 710 1856 Eidem
734 1824 799 1856 deo
826 1825 860 1855 et
883 1823 970 1855 deae
994 1822 1154 1856 Stannae
1182 1824 1258 1854 sive
1287 1832 1357 1865 quo
1387 1822 1461 1855 alio
1491 1823 1636 1855 nomine
1666 1821 1743 1861 fuit
1771 1822 1892 1855 eodem

175 1879 253 1913 loco
278 1879 464 1912 dedicatus
487 1882 539 1912 est
563 1880 691 1912 titulus
713 1879 803 1913 XIII
822 1879 1024 1913 950-954.
1072 1877 1210 1912 Nomen
1234 1878 1358 1921 oppidi
1381 1879 1487 1911 hodie
1514 1878 1665 1920 Toulon,
1697 1878 1794 1921 quod
1816 1877 1893 1917 fuit

179 1934 262 1969 Telo
286 1935 443 1968 Martius
468 1935 526 1978 (it.
551 1937 636 1969 Ant.
654 1946 694 1979 p.
709 1937 777 1969 505
791 1938 883 1977 cei),
906 1945 993 1967 num
1017 1936 1088 1968 hue
1108 1936 1302 1976 pertineat,
1326 1936 1514 1968 incertum.

289 2013 401 2060 4691
442 2017 656 2068 Petiganus
683 2016 690 2069 Ι
716 2016 898 2056 Placidus
923 2015 929 2069 Ι
956 2015 1113 2056 Toutati
1125 2016 1151 2062 ¹,
1180 2013 1185 2067 Ι
1212 2015 1432 2055 Medurini²
1458 2014 1464 2068 Ι
1489 2023 1624 2055 votum
1642 2014 1782 2070 solflvet
1805 2021 1891 2064 (sie)

175 2082 515 2139 annilversarium.

290 2149 423 2183 Romae
446 2160 520 2193 rep.
545 2151 584 2182 in
608 2151 738 2183 castn‘s
762 2151 921 2193 equitum
943 2149 1189 2192 singularium
1215 2149 1267 2193 (V
1269 2149 1284 2182 1
1298 2149 1412 2183 34482
1436 2149 1531 2182 vidit
1552 2149 1725 2191 Huelsen,·
1748 2150 1892 2183 Henzen

176 2207 300 2240 annal.
322 2207 411 2241 4885
436 2218 476 2250 p.
499 2207 596 2249 290).
633 2225 679 2231 —
717 2208 749 2249 1)
781 2205 834 2246 Cf:
858 2217 969 2250 supra
1000 2204 1047 2239 Ν.
1073 2206 1170 2239 4540.
1201 2207 1297 2240 4566.
1333 2224 1378 2230 -
1413 2207 1448 2248 2)
1479 2204 1649 2240 Fortasse
1677 2217 1805 2240 nomen
1837 2207 1893 2240 vel

177 2273 355 2306 agnomen
380 2263 448 2298 dei.

335 2332 347 2346 ⁸
406 2338 429 2359 ⁸
467 2333 670 2372 Vinded0.¹

291 2331 507 2434 ffijodum·
520 2398 736 2443 (Yverdun),
753 2397 939 2431 columnae
953 2408 1042 2441 pars
1058 2397 1165 2441 (XIII
1176 2399 1266 2431 5059
1282 2398 1376 2431 vidit
1390 2398 1418 2432 1.
1433 2398 1622 2440 Schmidt).
1634 2417 1680 2422 —
1707 2399 1739 2440 1)
1754 2396 1893 2431 Nomen

178 2455 237 2489 dei
256 2458 376 2499 primo
401 2466 487 2489 casu
509 2457 666 2499 positum
687 2457 798 2498 putat
821 2453 1025 2495 Mommsen,
1049 2457 1091 2487 ut
1113 2457 1152 2487 in
1175 2453 1221 2488 N.
1238 2454 1322 2489 4769
1330 2467 1344 2496 ,·
1367 2453 1396 2494 l'.
1421 2454 1465 2488 N.
1489 2455 1605 2489 4705·.

291 2536 407 2581 4692
454 2542 528 2577 deo
561 2538 783 2591 Ounllorlgi
814 2537 1046 2589 §alturnalis
1073 2541 1079 2588 Ι
1105 2538 1215 2575 Pauli
1246 2539 1349 2576 linus
1376 2537 1382 2591 Ι
1409 2549 1456 2575 ex
1484 2545 1590 2576 voto.

292 2603 335 2636 In
361 2602 477 2636 Gallia
494 2602 655 2646 Belgica,
681 2603 759 2635 loco
784 2601 879 2634 dicto
905 2601 936 2634 le
955 2601 1113 2635 Chatelet
1136 2601 1251 2645 (inter
1266 2601 1516 2636 Saint-Dizier
1540 2606 1575 2635 et
1596 2601 1779 2646 Ioinville)
1803 2612 1892 2646 rep„

180 2659 303 2693 tabula
334 2670 462 2702 aenea,
497 2670 596 2693 nune
626 2660 779 2693 Parisiis
815 2658 973 2702 (Mowat
1004 2657 1088 2692 buil.
1118 2658 1363 2691 monumenta!
1391 2658 1480 2692 4882
1510 2668 1548 2701 p.
1572 2658 1661 2701 256;
1699 2658 1895 2691 delineavit

179 2717 345 2750 Huebner
369 2727 426 2750 ex.
450 2726 519 2749 scr.
543 2716 658 2758 epigr.
682 2726 718 2750 n.
733 2715 830 2759 950).

292 2795 406 2841 4693
457 2797 499 2836 1..
522 2798 674 2850 Eppius
702 2798 784 2836 Leo
812 2795 819 2849 Ι
847 2796 1051 2835 stacano
1076 2796 1083 2848 Ι
1110 2808 1145 2835 v,
1176 2809 1205 2838 s,
1238 2796 1264 2835 l.
1292 2808 1344 2834 m.

292 2863 458 2897 Bedouin
478 2874 592 2907 prope
612 2863 868 2907 Carpentorate
887 2861 1136 2905 (Carpentras)
1156 2861 1294 2895 Galliae
1309 2860 1557 2895 Narbonensis
1574 2860 1661 2903 (XII
1675 2859 1760 2893 4478
1773 2870 1809 2903 p.
1821 2860 1895 2894 823

180 2918 319 2952 Allmer
340 2919 434 2952 vidit
456 2919 651 2964 eetypum).

296 3000 438 3045 4⁶93*
471 3006 571 3054 Aug.
601 3013 701 3041 sacr.
729 3000 736 3048 Ι
763 3001 837 3040 deo
870 3006 926 3047 (in
948 3007 1054 3047 parte
1080 3003 1258 3046 opposita)
1295 2998 1443 3037 Uxello-

298 3067 460 3110 Parisiis‚
493 3067 622 3100 tabella
647 3077 759 3100 aenea
792 3066 943 3110 (Mowat
967 3065 1051 3098 bull.
1076 3064 1135 3097 des
1159 3064 1382 3106 antiquato-ee
1405 3063 1448 3096 de
1470 3062 1614 3096 Franco
1636 3062 1725 3096 4888
1746 3073 1782 3105 p.
1803 3063 1874 3096 255
1880 3072 1894 3102 ,·
