2092 3360
107 499 148 533 'to

419 174 533 212 Tituli
556 175 654 212 sacri
677 178 715 213 et
737 177 981 214 sacerdotum.
1005 196 1053 204 —
1075 177 1136 213 Ex
1158 177 1252 214 actis
1276 177 1432 214 fratrum
1455 177 1656 214 Arvalium.
1815 177 1898 216 273

175 305 227 336 m.
267 304 342 345 pro
373 293 442 332 sal.
473 299 513 333 et
543 292 627 335 red.
658 301 698 334 et
725 294 862 334 victor.
894 293 989 347 imp.
1009 293 1187 335 Caesaris
1217 294 1294 334 divi
1324 295 1475 336 Nervae
1505 295 1531 335 s.
1562 294 1701 335 Nerva.
1739 294 1898 335 Traian.

177 361 278 413 Aug.
312 360 456 409 Germ„
496 361 669 414 princip.
700 362 916 415 parentisq.
952 375 1005 411 n.‚
1042 360 1048 419 Ι
1084 369 1195 416 pont.
1226 375 1341 411 max„
1381 363 1473 403 trib.
1505 368 1603 416 pot„
1644 375 1684 416 p.
1715 376 1769 417 p.‚
1809 361 1895 407 bow

177 441 262 469 aur.
294 441 379 469 vov.
411 441 497 469 esse
528 429 666 477 futur„
707 430 815 482 quod
852 430 970 471 hodie
1008 443 1108 479 νον..
1147 436 1233 472 astu
1272 444 1316 471 ea
1355 431 1409 471 ita
1448 432 1576 481 sacsis,
1616 437 1715 472 tunc
1753 431 1825 472 tibi
1856 431 1897 472 in

180 498 314 537 eadem
357 495 363 553 Ι
403 495 551 554 ver[b]a
590 498 752 538 nomine
791 498 881 538 coll.
921 499 1029 539 fratr.
1067 501 1157 540 Arv.
1193 500 1351 541 tauris¹¹
1388 512 1472 540 aur.
1503 512 1588 540 νον.
1629 513 1716 541 esse
1746 501 1900 541 futur.¹'

178 566 338 609 Adfuer.
361 566 403 606 in
425 566 515 606 coll.
533 565 576 606 L.
594 565 767 607 Maecius
783 566 1008 615 Postumus,
1028 567 1073 608 L.
1092 567 1214 609 Iulius
1241 565 1247 623 Ι
1274 567 1450 609 Marinus
1466 568 1659 609 Caecilius
1675 568 1899 622 Simplex¹⁸‚

178 634 221 674 P.
254 634 406 675 Salvius
435 633 627 674 Liberalis
655 634 811 676 Nonius
840 635 1036 688 Bassus¹⁴,
1069 636 1128 676 Ti.
1151 635 1283 676 Catius
1315 635 1474 677 Caesius
1504 636 1670 685 Fronto,
1702 636 1743 677 C.
1766 636 1900 677 Caeci-

177 698 285 758 liu[s]
313 699 319 758 Ι
347 701 501 751 Strabo,
532 702 580 749 Q.
601 702 761 743 Fulvius
791 703 893 744 Gillo
925 704 1068 744 Bittius
1098 704 1337 745 Proculus.¹³

292 781 353 814 Εω
368 780 587 824 fragmentis
610 782 756 815 tabulae
778 792 1003 816 marmoreae
1026 793 1101 825 rep.
1125 783 1166 815 in
1182 783 1290 815 vinea
1310 782 1607 816 Ceccarelliorum
1632 794 1666 818 a.
1682 783 1900 818 4867-4870

179 836 253 880 (Vl
270 838 379 881 2074,·
403 838 546 871 Henzen
571 842 641 872 act.
666 840 751 872 Arv.
772 849 810 882 p.
830 838 918 873 CXL
929 841 1031 883 αφ).
1064 858 1108 864 —-
1146 841 1178 881 1)
1203 839 1244 881 Q.
1268 839 1492 872 Articuleius
1516 840 1646 873 Paetus
1670 840 1797 874 consul
1820 840 1899 876 ord.

177 905 212 928 a.
228 895 289 928 404
314 894 391 934 suit
413 905 493 928 eum
514 894 671 929 Traiano
697 895 841 929 consule
856 898 1038 938 quartum,
1063 896 1203 936 deinde,
1226 898 1270 928 ut
1292 907 1339 929 ex
1363 897 1430 929 hac
1446 898 1610 929 actorum
1634 897 1712 930 loco
1736 900 1899 941 apparet,

178 961 259 983 eum
283 950 476 985 Suburano
500 964 539 986 eo
565 954 629 995 qui
650 950 726 992 fuit
748 953 874 986 consul
896 954 1028 986 ilerum
1058 953 1137 996 ord.
1163 963 1196 986 a.
1219 952 1296 986 404.
1328 971 1371 977 -
1403 954 1437 995 2)
1461 952 1631 995 Spectant
1655 954 1744 987 haec
1767 954 1817 987 ad
1838 965 1900 988 ea:-

175 1008 395 1051 peditionem
415 1007 568 1042 Traiani
582 1009 755 1043 Dacicum
772 1011 950 1052 priorem.
966 1029 1011 1034 —
1036 1011 1070 1052 3)
1096 1009 1258 1052 Collegii.
1282 1029 1328 1034 —
1350 1011 1385 1052 4)
1411 1009 1466 1049 Cf.
1490 1009 1683 1043 Mommsen
1707 1012 1785 1054 eplz.
1809 1021 1863 1054 ep.
1879 1013 1900 1045 4

174 1075 214 1108 p.
229 1066 310 1099 226.
327 1084 372 1089 —
390 1067 423 1108 5)
449 1064 503 1106 Cf.
519 1065 564 1100 Ν.
579 1067 674 1101 3032
690 1068 764 1099 not.
781 1066 812 1100 4.
829 1067 864 1100 2.
881 1086 927 1091 -
943 1067 979 1109 6)
1007 1065 1159 1109 Collega·
1173 1063 1332 1106 fratrum
1348 1066 1550 1100 Arvalium.
1567 1086 1614 1091 —
1639 1068 1672 1110 7)
1696 1066 1837 1100 Reditu.
1856 1087 1898 1092 —

180 1123 215 1163 8)
239 1121 318 1154 Iovi
340 1124 474 1165 optimo
498 1124 670 1156 maximo.
699 1141 746 1147 —
778 1123 813 1166 9)
836 1123 990 1156 Excidit
1013 1133 1086 1166 pro.
1109 1141 1156 1148 —-
1190 1124 1245 1165 10)
1268 1123 1422 1157 Exi-cidit
1444 1127 1532 1159 astu.
1566 1143 1612 1148 -
1646 1126 1702 1166 11)
1724 1124 1899 1158 Fortasse

176 1180 290 1212 scribi
313 1179 436 1212 debuit
459 1182 566 1213 tauro.
591 1199 638 1204 —
668 1180 724 1221 12)
749 1179 927 1214 Similiter
950 1180 1138 1213 duodecim
1163 1180 1234 1213 diis
1257 1180 1480 1213 immolatum
1505 1183 1558 1213 est
1579 1192 1601 1214 a
1625 1178 1807 1220 fratribus
1829 1181 1900 1214 Ar-

178 1236 319 1269 valibus
341 1247 438 1270 anno
461 1236 532 1271 245
552 1239 702 1279 propter
726 1238 919 1270 victoriam
945 1236 1195 1270 Germanicam
1221 1237 1431 1271 Caracallae
1456 1237 1585 1281 (supra
1607 1237 1654 1272 Ν.
1669 1238 1732 1271 454
1745 1238 1901 1283 fin).—

182 1294 236 1335 13)
262 1292 314 1332 Cf.
338 1304 450 1337 supra
474 1292 519 1327 N.
536 1293 633 1328 4026.
657 1313 702 1318 -
737 1295 790 1336 14)
815 1292 870 1334 Cf.
894 1304 1006 1336 supra
1030 1292 1075 1328 Ν.
1098 1294 1189 1327 5027
1211 1297 1287 1327 not.
1310 1295 1347 1327 2.
1369 1312 1416 1318 -—
1452 1295 1505 1336 15)
1533 1293 1586 1333 Cf.
1610 1305 1722 1338 supra
1747 1293 1793 1330 Ν.
1808 1295 1898 1330 5051

176 1353 250 1384 not.
273 1351 309 1385 2.

344 1525 478 1558 Sacra
501 1525 607 1558 deae
631 1524 742 1558 Diae
767 1523 1001 1564 quotannis
1024 1532 1174 1557 mense
1198 1523 1317 1558 Maio
1342 1523 1558 1558 celebrari
1582 1524 1723 1558 solite..

292 1602 406 1648 5036
460 1604 588 1644 Isdem
618 1616 700 1644 cos.
731 1603 800 1643 Vll
830 1603 920 1643 idus
949 1602 1137 1651 Ianuar.¹‚
1179 1600 1184 1658 Ι
1226 1603 1267 1643 in
1298 1616 1453 1656 pronao
1492 1603 1598 1644 aedis
1629 1603 1902 1644 Concordiae²

180 1673 322 1713 fratres
351 1672 510 1713 Arvales
542 1670 548 1727 Ι
583 1672 820 1712 sacrificium
850 1672 946 1711 deae
977 1671 1070 1711 Diae
1100 1671 1343 1721 indixerunt,
1379 1669 1386 1727 Ι
1422 1672 1649 1723 magisterio
1680 1673 1715 1712 Il
1746 1672 1791 1713 L.
1823 1673 1900 1713 Ve-

179 1740 255 1780 rati
286 1740 483 1787 Quadrati.
546 1741 591 1780 In
631 1752 786 1793 pronao
826 1740 934 1780 aedis
974 1736 1233 1795 Concorldiae
1270 1740 1315 1780 L.
1347 1740 1526 1780 Veratius
1556 1740 1781 1787 Quadratus
1818 1754 1901 1781 ma-

180 1809 302 1862 gister
329 1809 495 1848 fratrum
516 1808 712 1848 Arvalium
739 1806 746 1864 Ι
772 1808 958 1849 manibus
989 1807 1104 1848 lautis
1133 1807 1260 1847 velato
1292 1808 1421 1860 capite
1451 1808 1525 1848 sub
1557 1809 1645 1848 divo
1676 1809 1901 1849 columine³

180 1882 319 1917 contra
350 1874 556 1931 orilentem
587 1876 682 1916 deae
708 1877 802 1916 Diae
834 1889 925 1916 cum
955 1875 1119 1927 collegis
1149 1875 1389 1915 sacrificium
1419 1875 1665 1919 indixerunt:
1693 1874 1698 1932 Ι
1784 1877 1898 1924 Quod

179 1945 332 1985 bonum
363 1946 532 1985 faustum
564 1945 656 1985 felix
686 1945 934 1984 fortunatum
964 1943 1214 1995 salutareque
1243 1943 1294 1983 sit
1319 1941 1324 1997 Ι
1359 1943 1454 1995 imp.
1486 1942 1641 1984 Caesari
1672 1944 1899 1985 Domitiano

179 2015 279 2066 Aug.
320 2013 556 2053 Germanico
596 2013 739 2065 pontif.
778 2011 970 2051 maxsimo
1011 2016 1051 2051 et
1088 2010 1284 2050 Domitiae
1325 2007 1331 2066 Ι
1372 2012 1570 2063 Augustae
1608 2013 1770 2065 coniugi
1815 2013 1901 2053 eius

179 2082 333 2134 totique
370 2081 505 2121 domui
547 2093 704 2128 eorum,
742 2079 892 2132 populo
922 2078 1104 2118 Romano
1145 2075 1151 2133 Ι
1193 2077 1414 2124 Quiritibus
1452 2079 1720 2132 fratribusque
1750 2080 1900 2120 Arvali-

178 2149 256 2190 bus
285 2150 476 2202 mihique,
503 2149 508 2204 Ι
600 2147 838 2189 sacrificium
869 2147 966 2187 deae
997 2145 1091 2186 Diae
1128 2145 1206 2186 hoc
1239 2158 1347 2186 anno
1377 2147 1453 2186 erit
1487 2159 1522 2187 a.
1554 2147 1591 2186 d.
1623 2147 1709 2187 XVI
1739 2147 1777 2187 k.
1810 2148 1898 2188 lun.

181 2220 313 2265 domo,
344 2231 376 2261 a.
402 2217 436 2260 d.
468 2216 475 2270 Ι
499 2216 611 2256 Xllll
636 2216 675 2256 k.
700 2216 836 2256 Iunias
865 2215 906 2255 in
938 2215 1029 2255 luco
1062 2220 1102 2254 et
1132 2214 1263 2262 domo,
1295 2227 1328 2257 a.
1353 2214 1390 2254 d.
1412 2214 1501 2254 Xlll
1535 2214 1573 2254 k.
1595 2215 1680 2259 Iun,
1706 2217 1862 2256 domo‘.
1892 2214 1900 2271 Ι

294 2286 518 2326 Adfuerunt
552 2285 592 2324 in
625 2284 791 2337 collegio
822 2283 866 2323 L.
899 2283 1079 2323 Veratius
1109 2283 1352 2335 Quadratus,
1392 2282 1435 2322 L.
1468 2283 1640 2324 Maecius
1670 2285 1896 2334 Postumus,

179 2354 227 2401 Q.
253 2354 392 2394 Tillius
423 2354 590 2394 Sassius.

294 2433 355 2466 Ea:
378 2431 512 2473 tabula,
538 2441 628 2474 quae
653 2431 858 2463 continebat
881 2432 961 2462 acta
986 2430 1076 2463 anni
1089 2429 1143 2470 94,
1168 2431 1312 2471 reperta
1336 2427 1468 2463 Romae
1491 2432 1531 2462 iu
1554 2431 1820 2463 substructione
1836 2432 1897 2464 ab·

178 2490 268 2523 sidis
292 2490 462 2523 basilicae
487 2488 522 2522 S.
539 2489 636 2521 Petri
661 2486 734 2530 (VI
753 2488 863 2529 206&
887 2487 1031 2519 Henzen
1055 2489 1123 2519 act.
1146 2487 1234 2519 Arv.
1257 2495 1294 2528 p.
1314 2485 1465 2528 CXXX).
1491 2506 1533 2510 —
1566 2487 1599 2527 1)
1623 2485 1742 2518 Mense
1766 2486 1900 2520 Ianua-

178 2549 236 2579 rio
260 2546 375 2579 indici
397 2545 532 2579 solebat
556 2554 700 2577 sacrum
726 2543 811 2576 deae
834 2543 946 2586 Diae;
971 2541 1019 2583 cl'.
1046 2543 1187 2575 Henzen
1211 2546 1282 2576 act.
1299 2544 1386 2577 Arv.
1411 2553 1446 2585 p.
1462 2544 1497 2585 ὅ,
1521 2544 1605 2575 item
1629 2553 1741 2585 supra
1765 2542 1811 2577 N.
1827 2544 1900 2578 229

179 2614 214 2637 υ.
229 2604 284 2636 50.
320 2622 364 2627 —-
399 2603 435 2643 2)
460 2603 502 2638 A.
524 2603 570 2636 59
599 2602 706 2634 huius
730 2601 943 2633 indictionis
974 2608 1084 2633 causa
1107 2601 1148 2632 in
1171 2600 1368 2633 Pantheum
1402 2601 1647 2632 convenerant
1668 2597 1806 2639 fratres
1830 2601 1899 2633 Ar-

180 2660 276 2693 vales
300 2658 428 2703 (supra
451 2657 497 2692 N.
513 2659 584 2692 229
603 2669 636 2692 υ.
651 2656 724 2702 50),
747 2659 871 2700 postea
898 2658 936 2689 in
961 2656 1082 2689 aedem
1101 2655 1319 2690 Concordiae
1344 2656 1399 2689 vel
1420 2657 1459 2688 in
1479 2666 1663 2698 pronaum
1686 2658 1764 2689 eius
1788 2657 1899 2691 aedis.

181 2735 224 2741 --
251 2717 284 2757 3)
310 2714 364 2755 ct:
389 2715 542 2748 Huelsen
565 2715 655 2759 Eph.
681 2725 732 2756 ep.
756 2715 779 2747 8
805 2724 841 2756 p.
866 2713 956 2755 324,·
992 2712 1064 2747 Leo
1093 2713 1227 2746 Archiv
1259 2711 1288 2753 Γ.
1320 2713 1384 2747 lat.
1410 2712 1703 2755 Lexikograplzie
1726 2713 1780 2756 40,
1811 2713 1900 2748 4898

176 2783 217 2815 p.
232 2772 303 2807 275
327 2774 390 2815 qui
412 2774 502 2805 citat
525 2771 644 2805 Plaut.
668 2770 817 2804 Mostell.
840 2771 924 2804 765:
954 2772 1017 2802 sub
1043 2770 1107 2803 diu
1130 2770 1318 2804 columine.
1345 2789 1391 2794 —
1421 2771 1456 2811 4)
1481 2770 1531 2803 47.
1550 2770 1602 2803 49.
1618 2770 1664 2803 20
1680 2769 1768 2805 Μαί.
1794 2771 1837 2803 A.
1853 2772 1899 2804 59

181 2828 403 2869 sacrificium
434 2828 519 2861 deae
547 2828 641 2860 Diae
670 2827 848 2860 indictum
880 2829 930 2859 est
959 2828 999 2859 in
1027 2826 1084 2861 27.
1108 2827 1166 2861 29.
1188 2829 1246 2862 30.
1260 2827 1348 2860 Μαί.
1375 2828 1500 2869 (supra
1526 2825 1570 2859 Ν.
1595 2826 1665 2859 229
1689 2836 1720 2861 υ.
1743 2827 1799 2860 54.
1821 2828 1898 2867 55).

181 2885 316 2918 Alteris
344 2887 438 2918 utris
461 2886 589 2918 horum
612 2884 751 2917 dierum
780 2883 1002 2924 sacrificium
1031 2883 1208 2916 celebrari
1235 2883 1373 2917 solebat
1402 2882 1485 2915 inde
1513 2881 1591 2921 fere
1623 2893 1645 2915 a
1679 2885 1897 2926 temporibus

184 2941 396 2983 Vespasiani
402 2953 416 2983 ‚·
440 2944 547 2974 antea
571 2943 679 2974 etiam
703 2941 787 2974 aliis
811 2940 933 2973 diebus
956 2941 1085 2973 mensis
1106 2939 1197 2973 Maii
1219 2941 1364 2974 videtur
1386 2939 1601 2972 celebratum
1625 2949 1697 2971 esse
1722 2937 1785 2979 (cli
1804 2939 1898 2972 Huta

182 2998 280 3031 arch.
304 3008 358 3040 ep.
382 2997 500 3032 Mittin.
525 3008 590 3030 aus
616 2997 767 3032 Oesterr.
792 2998 836 3031 15
864 3007 901 3040 p.
925 2997 991 3038 26;
1034 2995 1208 3030 Wiuowa
1238 2994 1600 3039 Realencyclopaedie
1630 3006 1658 3029 s.
1684 3006 1715 3030 v.
1745 2996 1898 3029 Arvales

184 3053 337 3087 Fratres
357 3053 416 3098 [11
433 3065 471 3097 p.
488 3053 626 3099 1473J).

255 3149 396 3184 nusum.
415 3149 622 3185 Inscriptiones
640 3149 764 3178 Latinae
780 3149 821 3178 11.
1583 3143 1625 3176 18
