2092 3360
270 148 352 202 526
966 147 1086 191 caput
1108 146 1227 181 XIIII.

382 261 492 308 6291
552 262 602 301 Μ.
624 258 849 318 Bar[r]onio
881 261 931 300 M.
960 262 987 301 f.
1021 261 1110 301 Ouf.
1150 258 1155 313 Ι
1196 261 1340 300 Surae¹
1373 260 1406 299 II
1438 262 1591 313 quinq..
1627 259 1633 314 Ι
1669 272 1772 312 aug„
1802 267 1852 302 tr.
1883 263 1978 312 mil.‚

269 330 392 383 praef.
421 327 426 382 Ι
455 328 565 375 fabr..
597 327 633 366 d.
666 327 703 368 d.
735 326 893 378 publice
919 326 926 379 Ι
953 332 1042 378 post
1075 331 1253 365 mortem.

385 408 518 454 62912
558 408 743 449 Dentriae
773 408 817 448 L.
849 409 874 447 f.
905 408 1039 448 Pollae
1067 405 1072 462 Ι
1099 408 1293 448 sacerdoti
1324 408 1431 448 divae
1458 407 1464 461 Ι
1491 409 1690 462 Augustae
1717 407 1723 463 Ι
1749 416 1840 463 post
1874 423 1980 452 mor-

271 482 347 516 tem
377 473 382 529 Ι
409 476 447 515 d.
477 476 514 514 d.

384 543 522 585 Aquini
547 540 597 586 (X
608 540 704 574 5404.
721 541 811 574 5445
835 541 928 573 lianc
952 540 1065 573 deser.
1081 551 1174 574 saec.
1190 540 1279 575 XVI
1300 540 1465 582 Smetius,
1491 541 1591 575 illam
1615 553 1706 576 saec.
1724 542 1847 577 XVIII
1862 542 1980 588 Cayro

271 597 514 644 Anagninus).
539 617 586 623 —-
612 598 642 640 1)
669 598 725 631 Ad
750 597 899 630 eundem
922 598 1081 640 pertinet
1103 596 1138 631 X
1158 599 1255 631 5400.

385 656 487 689 Alios
511 655 636 687 titulos
660 655 859 697 Aquinates
883 654 965 687 dedi
987 665 1098 697 supra
1122 652 1167 687 Ν.
1185 654 1280 687 4459.
1297 653 1398 687 2408.
1413 656 1521 690 5553.
1543 656 1641 698 6286,
1664 666 1777 699 prope
1799 656 1984 700 Aquinum

273 716 433 756 repertos
455 712 501 745 N.
524 713 626 746 2926.
649 712 751 747 5456.
775 711 874 745 5780.

386 793 501 840 6292
539 795 749 847 Pompeiae
776 790 782 849 Ι
810 793 880 834 Cn.
911 794 938 833 f.
970 793 1128 834 Phoebe
1155 794 1160 845 Ι
1187 794 1380 834 sacerdot.
1408 792 1413 849 Ι
1441 795 1615 835 divarum
1642 792 1648 850 Ι
1675 796 1712 835 d.
1745 795 1781 836 d.

390 862 464 895 San
491 861 677 903 Germano,
701 862 764 893 ubi
786 860 861 900 fuit
886 859 1053 894 Casinum
1078 860 1129 904 (X
1140 861 1229 895 5204
1256 861 1446 904 aliquoties
1470 862 1648 905 descripta
1672 874 1763 897 saec.
1779 862 1927 909 XVIII).
1942 882 1986 888 —-

393 919 529 952 Titulos
554 918 735 952 Casinatem
759 919 864 951 habes
888 919 995 950 etiam
1018 929 1128 960 supra
1153 917 1197 952 Ν.
1214 919 1266 952 87.
1290 919 1368 953 972.
1392 920 1498 954 5550.
1513 921 1616 954 5428.
1638 921 1737 955 5784.
1760 922 1864 956 5865.
1887 922 1986 956 4095.

273 978 375 1010 5565.
398 977 499 1010 5565.
522 976 624 1009 5628.
675 973 731 1014 Of.
755 978 940 1017 praeterea
965 973 1011 1007 N.
1030 976 1129 1009 6268.
1155 975 1254 1010 6294.
1278 977 1364 1009 6624
1390 974 1448 1020 (=
1464 976 1516 1009 XI
1528 976 1648 1017 5278).

390 1057 505 1103 6293
558 1059 764 1111 Pompeiae
791 1056 797 1112 Ι
825 1058 871 1104 Q.
902 1058 931 1097 f.
963 1057 1135 1098 Catullae
1164 1055 1168 1111 Ι
1195 1060 1343 1099 sacerd.
1375 1061 1551 1111 August.,
1579 1059 1585 1114 Ι
1621 1037 1988 1111 dem

281 1127 397 1167 missa
427 1139 514 1179 pec.
547 1126 653 1179 publ.
686 1123 760 1179 ΙΟ.
791 1125 1022 1166 Truttedius
1049 1124 1055 1181 Ι
1082 1126 1175 1166 Pius
1204 1127 1257 1166 fil.
1286 1127 1364 1182 ΙΙ..
1396 1128 1433 1167 d.
1465 1128 1501 1168 d.
1533 1129 1571 1170 d.

390 1193 587 1227 Minturnis
610 1204 697 1237 rep„
721 1195 796 1226 iam
819 1192 974 1236 Neapoli
998 1192 1051 1237 (X
1063 1194 1150 1227 6048
1172 1195 1265 1227 vidit
1288 1192 1510 1239 Mommsen).

396 1250 532 1284 Titulos
555 1251 821 1284 Minturnenses
853 1251 960 1283 habes
989 1252 1098 1283 etiam
1130 1249 1176 1284 Ν.
1200 1251 1278 1285 389.
1302 1251 1375 1285 476.
1398 1252 1477 1285 652.
1500 1252 1625 1294 8710).
1650 1253 1743 1287 4066.
1768 1253 1864 1287 4568.
1888 1223 1989 1288 2490.

281 1307 380 1342 3548.
407 1308 506 1342 3549.
529 1309 631 1342 5062.
652 1307 753 1341 5603.
804 1306 858 1346 Cf.
881 1306 927 1342 Ν.
943 1308 1040 1341 6294.

393 1389 508 1435 6294
558 1391 746 1430 Corelliae
778 1390 817 1430 C.
849 1391 875 1429 f.
907 1390 1039 1430 Gallae
1071 1391 1266 1443 Papianae
1292 1390 1297 1445 Ι
1326 1391 1439 1431 uxori
1470 1391 1515 1455 CL
1535 1392 1677 1431 Corelli
1707 1392 1753 1432 N.
1785 1393 1811 1432 f.
1843 1392 1953 1443 Fab„
1981 1390 1987 1448 Ι

283 1470 382 1510 quae
412 1463 650 1498 testamento
681 1458 788 1497 dedit
818 1458 996 1498 coloniae
1032 1457 1037 1512 Ι
1074 1459 1350 1499 Menturnensi
1381 1458 1455 1501 HS
1484 1460 1512 1500 C
1543 1466 1582 1499 et
1612 1459 1828 1513 municipio
1861 1461 1991 1501 Casini

283 1525 357 1568 HS
388 1516 434 1574 (ἶ,
464 1524 468 1579 Ι
503 1527 554 1565 ita
586 1527 643 1566 uti
674 1526 741 1566 Vll
764 1527 851 1566 idus
882 1527 993 1566 Mart.
1027 1527 1145 1566 natali
1175 1540 1248 1567 suo
1275 1525 1281 1582 Ι
1317 1527 1541 1579 quodannis
1570 1529 1790 1568 crustulum
1822 1535 1861 1569 et
1890 1529 1992 1569 mul-

282 1607 369 1635 sum
400 1595 525 1641 detur,
553 1594 558 1649 Ι
587 1607 635 1634 ex
663 1599 899 1634 testamento
930 1595 1015 1635 fieri
1045 1595 1158 1636 iussit
1188 1594 1260 1638 HS
1291 1595 1331 1635 C.

398 1662 439 1694 In
463 1662 581 1702 Latio,
605 1664 700 1694 inter
723 1662 874 1695 Labicos
899 1665 934 1694 et
956 1663 1143 1695 Praeneste
1168 1664 1244 1695 loco
1269 1663 1366 1695 dicto
1392 1662 1466 1696 San
1486 1662 1633 1696 Cesarea
1660 1663 1768 1704 (XIV
1773 1665 1866 1698 2827
1887 1663 1992 1709 vidi).

397 1750 511 1796 6295
558 1753 602 1791 L.
635 1752 746 1792 Villio
781 1753 820 1792 C.
853 1753 894 1792 f.¹
921 1753 1108 1793 Tromen.
1138 1752 1142 1806 Ι
1171 1754 1340 1793 Atiliano
1371 1755 1494 1806 praef.
1526 1755 1645 1804 fabr.,
1687 1755 1693 1807 Ι
1734 1756 1856 1807 praef.
1888 1756 1992 1805 coh.‚

285 1821 376 1861 trib.
408 1821 533 1869 milit.‚
562 1819 567 1876 Ι
595 1834 706 1874 proc.
738 1823 852 1874 Aug.,
884 1827 1041 1872 patron.
1074 1821 1224 1869 colon„
1253 1819 1258 1876 Ι
1295 1821 1362 1873 qui
1392 1827 1552 1874 rogatus
1581 1822 1630 1862 ab
1661 1823 1802 1864 ordine
1832 1815 1994 1880 parilter
2049 1865 2053 1869 ,

285 1895 324 1929 et
352 1889 515 1942 populo,
548 1890 751 1942 gladiatori
779 1887 785 1943 Ι
812 1890 990 1929 muneris
1021 1889 1169 1941 publici
1200 1902 1335 1930 curam
1361 1887 1367 1944 Ι
1395 1891 1635 1944 susciperet,
1677 1892 1770 1932 fecit
1799 1899 1838 1932 et
1868 1893 1993 1946 expli-

286 1958 362 1997 cito
398 1957 404 2011 Ι
440 1957 546 2009 quod
577 1958 812 2010 promiserat
841 1958 1074 2010 inpendium
1111 1955 1116 2013 Ι
1152 1958 1279 2012 bigae,
1310 1970 1429 2011 quam
1458 1960 1629 2012 populus
1660 1973 1707 2000 ex
1738 1960 1949 2002 collatione
1984 1958 1992 2017 Ι

285 2026 440 2078 legativi
482 2026 587 2078 epuli
627 2025 837 2075 offerebat,
877 2026 1030 2066 remisit
1068 2024 1076 2080 Ι
1117 2039 1163 2066 eo
1194 2039 1300 2067 anno
1342 2040 1421 2080 quo
1452 2034 1491 2067 et
1521 2028 1694 2080 optimus
1733 2028 1950 2081 imperator
1985 2026 1992 2086 Ι

287 2094 507 2134 Hadrianus
529 2093 728 2146 Augustus
750 2095 868 2134 etiam
894 2097 900 2147 Ι
927 2095 1197 2135 duumviratus
1227 2095 1441 2135 honorem²
1469 2096 1656 2148 suscepit.
1683 2096 1689 2151 Ι
1717 2096 1759 2136 L.
1783 2097 1996 2138 Stertinius

288 2162 332 2201 L.
364 2162 430 2202 lib.
462 2163 785 2214 Parthenopaeus
812 2159 818 2215 Ι
844 2163 970 2203 amico
1001 2162 1313 2215 incomparabili.
1343 2161 1349 2217 Ι
1374 2163 1419 2203 L.
1449 2165 1486 2204 d.
1518 2165 1555 2204 d.
1585 2165 1623 2204 d.

392 2228 533 2262 Caietae
557 2233 598 2262 ut
614 2229 755 2262 videtur
771 2229 964 2275 descripta,
988 2241 1053 2263 nee
1070 2233 1188 2263 tamen
1211 2241 1267 2263 res
1284 2233 1396 2272 certa,
1421 2241 1501 2263 eum
1517 2233 1556 2263 in
1573 2232 1834 2274 antiquissimis
1851 2231 1997 2275 Cyn-iaci

289 2285 471 2318 codicibus
487 2286 587 2319 nulla
600 2288 648 2318 sit
661 2287 732 2319 loci
744 2287 938 2320 indicatio.-
956 2287 1154 2320 Minturnis
1169 2287 1314 2319 titulum
1330 2289 1467 2320 stetisse
1479 2288 1634 2320 coniecit
1646 2287 1838 2321 Mommsen
1852 2286 1901 2331 (X
1909 2289 1996 2322 6090

288 2344 443 2375 servavit
462 2342 663 2385 Cyriacus).
676 2361 722 2367 —
748 2344 779 2385 1)
795 2342 831 2377 L.
844 2343 929 2376 lulio
949 2343 1023 2377 cod.
1042 2343 1235 2378 Hamilton.
1247 2344 1315 2377 254
1331 2343 1359 2383 fi
1371 2345 1425 2377 68.
1443 2363 1488 2368 —
1513 2345 1546 2385 2)
1574 2343 1629 2384 C'f.
1645 2345 1708 2379 vit.
1726 2344 1837 2378 Hadr.
1852 2343 1905 2384 49,
1919 2344 1950 2378 4.

402 2431 515 2477 6296
575 2433 616 2474 C.
648 2434 750 2473 Titio
778 2435 784 2486 Ι
812 2433 1012 2473 Chresimo
1045 2436 1143 2486 Aug.
1175 2425 1239 2475 HJ
1267 2433 1272 2489 Ι
1301 2434 1400 2474 Huic
1431 2435 1527 2474 ordo
1556 2434 1830 2484 decurionum,
1856 2433 1863 2488 Ι
1889 2435 1997 2487 quod

291 2513 363 2552 pro
394 2501 520 2541 salute
551 2508 590 2541 et
620 2499 876 2557 indulgenltia
916 2503 1009 2555 imp.
1043 2503 1234 2543 Antonini
1265 2503 1323 2543 Pii
1355 2503 1495 2543 Felicis
1525 2500 1672 2557 Aug.²l
1707 2508 1746 2542 et
1779 2515 1824 2543 ex
1851 2504 1997 2544 volun-

293 2574 368 2608 tate
399 2570 536 2621 populi
566 2582 712 2610 munus
739 2568 745 2623 Ι
781 2571 947 2611 familiae
977 2571 1229 2622 gladiatoriae
1260 2584 1307 2610 ex
1339 2571 1504 2623 pecunia
1530 2572 1537 2621 Ι
1572 2582 1640 2611 sua
1670 2570 1771 2610 diem
1802 2571 1998 2623 privatum

292 2638 510 2676 secundum
541 2635 782 2693 digniltatem
814 2639 995 2679 coloniae
1027 2639 1205 2688 ediderit,
1237 2640 1430 2679 honorem
1457 2640 1464 2690 Ι
1491 2638 1616 2679 biselli
1638 2651 1716 2689 quo
1738 2639 1826 2690 quis
1848 2640 1997 2692 optimo

293 2705 471 2758 exemplo
503 2706 542 2745 in
587 2704 591 2759 Ι
633 2706 789 2746 colonia
819 2707 962 2747 Suessa
993 2707 1130 2747 habuit
1160 2713 1199 2747 et
1227 2713 1271 2746 ut
1300 2719 1424 2759 aquae
1464 2704 1470 2761 Ι
1510 2706 1654 2758 digitus
1692 2706 1733 2745 in
1766 2706 1882 2746 domo
1914 2707 1998 2749 eius

293 2773 434 2813 flueret
462 2773 770 2827 comlmodisque
801 2775 971 2827 publicis
1000 2788 1046 2815 ac
1076 2776 1108 2816 si
1139 2776 1299 2816 decurio
1329 2772 1552 2830 fru'eretun
1591 2779 1630 2814 et
1660 2773 1762 2813 Titio
1795 2775 1997 2816 Chresimo

293 2841 373 2880 filio
406 2842 489 2882 eius
525 2839 530 2895 Ι
564 2842 614 2882 ob
646 2844 785 2883 merita
816 2843 939 2895 patris
969 2844 1164 2884 honorem
1194 2841 1487 2898 deeurionaltus
1521 2842 1736 2894 gratuitum
1768 2843 1954 2884 decrevit.
1988 2840 1996 2900 Ι

297 2908 402 2948 Ordo
435 2909 693 2950 decurionum
725 2917 764 2951 et
786 2912 1055 2964 Augustalium
1083 2910 1088 2966 Ι
1116 2919 1154 2952 et
1184 2912 1296 2965 pleps
1326 2911 1520 2952 universa.
1562 2921 1621 2961 (ln
1646 2920 1771 2964 lacere)
1795 2909 1862 2967 [Q.
1887 2908 1999 2968 S]os-

296 2977 354 3015 sio
377 2977 546 3017 Falcone
569 2977 609 3018 C.
628 2978 724 3018 lulio
751 2979 759 3027 Ι
787 2979 930 3020 Erucio
949 2979 1061 3020 Claro
1084 2980 1181 3020 eos.³
1206 2978 1213 3034 Ι
1242 2980 1358 3020 nonis
1378 2978 1600 3031 Septembr.
1620 2976 1625 3033 Ι
1645 2978 1811 3019 Suessae
1832 2980 1872 3020 in
1895 2975 1999 3036 bks]-

298 3040 520 3099 bl[i]0theca
542 3042 822 3101 M[ati]{diana⁴
852 3047 1068 3088 scribundo
1095 3043 1333 3102 adfu[erunc]
1363 3046 1368 3099 Ι
1396 3047 1440 3087 Τ.
1459 3047 1578 3087 lulius
1598 3047 1743 3088 Bassus
1764 3047 1814 3087 M.
1831 3048 2000 3089 Maesius
