2092 3360
293 147 346 186 58
1041 146 1163 193 Caput
1184 147 1248 183 XI.

403 261 518 308 3440
558 262 719 303 Herculi
753 261 757 316 Ι
794 262 1068 303 conserbatori
1103 260 1108 317 Ι
1143 263 1187 302 Α.
1210 262 1372 315 Sergius
1406 261 1411 318 Ι
1445 262 1679 315 Megalensis
1715 260 1721 317 Ι
1757 268 1917 303 curator
1936 260 2001 319 ΙΙΙ

291 331 408 372 sociis
438 331 579 371 cultor.
616 328 621 384 Ι
658 330 802 370 Larum
833 336 871 370 et
901 330 1017 383 imag.
1052 330 1059 383 Ι
1094 331 1275 383 August.¹
1308 330 1425 371 dedit.
1452 335 1509 381 (ln
1536 334 1663 379 latere)
1690 331 1820 371 idibus
1851 331 1970 373 Nove.
1995 329 2003 388 Ι

290 399 482 446 Quintilio
508 402 591 447 (sic)
619 396 625 452 Ι
652 404 691 437 et
721 398 856 437 Prisco
892 397 993 438 cos.²

403 465 534 497 Romae
559 464 631 504 (VI
641 464 708 498 507
732 464 824 497 vidit
847 465 889 497 de
905 464 1035 509 Rossi).
1055 484 1095 490 —
1124 467 1155 506 1)
1182 464 1337 499 Curator
1360 467 1492 498 iterum
1515 466 1623 498 sociis
1648 464 1848 498 cultoribus
1864 465 2001 500 Larum
2073 515 2076 517 4

290 525 326 554 et
347 523 547 563 imaginum
572 521 732 563 Augusti
754 520 820 565 (cll
843 519 947 561 infra
970 521 1016 556 N.
1031 522 1124 556 5545
1147 525 1221 555 not.
1239 521 1287 566 4).
1311 541 1356 547 ——
1381 523 1414 564 2)
1439 523 1482 556 Α.
1509 522 1586 555 459.

401 580 512 646 {fil
554 601 715 642 Herculi
743 600 748 657 Ι
776 603 1017 643 restitutori¹
1048 601 1053 657 Ι
1081 602 1121 643 C.
1145 603 1268 642 Iulius
1290 602 1451 642 Hilario.

403 669 444 701 ιη
469 669 623 712 Pisidia,
651 669 704 701 aa·
734 670 796 702 ubi
824 667 900 708 fua
927 669 1134 713 Tymandus
1167 669 1240 713 (m
1263 669 1297 703 S.
1320 669 1405 703 6867
1435 669 1526 702 vidit
1550 668 1736 713 Ramay).
1769 688 1815 695 -
1850 671 1881 712 1)
1907 669 2003 704 taem
2058 660 2078 699 Ἀ

289 736 485 769 cognomen
509 727 549 758 in
573 724 721 758 Silvano
745 724 848 765 infra
872 725 919 760 Ν.
936 726 1036 767 5564,
1060 729 1144 759 item
1167 729 1207 759 in
1232 727 1314 759 Iove
1336 736 1447 769 supra
1473 725 1519 759 Ν.
1535 726 1638 760 5002.

400 804 516 851 3442
555 806 714 846 Herculi
745 807 982 847 domestico¹
1013 804 1019 861 Ι
1046 807 1090 846 Τ.
1114 808 1196 847 Aeli
1228 807 1353 847 Rubri
1385 807 1630 859 Superstitis.

407 873 536 907 Tibure
565 883 658 915 rep.,
696 874 790 906 basis
823 875 863 905 in
894 875 996 906 cuius
1026 875 1215 917 superficie
1249 876 1462 918 supererant
1497 875 1649 916 vestigia
1681 875 1832 918 pedum,
1869 875 2004 918 clavae,

282 931 390 975 pellis
415 931 578 964 leoninae
603 929 703 973 (XIV
716 931 808 964 5542
832 932 975 973 saepius
999 931 1206 975 descripta).
1224 950 1268 956 —
1296 933 1327 973 1)
1355 931 1576 965 Vocabulum
1599 941 1671 964 non
1697 932 1841 964 omnino
1867 930 2004 965 certum
2074 951 2076 958 κ

288 987 324 1028 (d
337 1014 344 1021 .
359 1012 366 1020 .
382 1012 390 1020 .
405 987 491 1020 stico
515 987 753 1029 similiterque
777 988 991 1030 apographa
1015 991 1218 1025 accurata).

401 1077 516 1124 3443
555 1079 716 1119 Herculi
751 1077 756 1133 Ι
792 1080 914 1119 tutori
940 1078 947 1134 Ι
974 1081 1114 1121 domus
1140 1079 1146 1136 Ι
1173 1081 1420 1122 Novelliana¹
1456 1085 1517 1129 (In
1537 1087 1678 1129 postica
1688 1099 1701 1119 .·
1730 1086 1899 1119 Hercules
1922 1094 2003 1118 cum
2072 1104 2074 1106 -

288 1146 388 1179 leone
412 1156 588 1188 pugnans.
625 1146 667 1179 In
685 1146 816 1179 latere:
840 1147 950 1179 arbor
967 1147 1212 1190 Hesperidum.
1253 1149 1294 1181 In
1319 1148 1433 1182 altero
1458 1149 1589 1182 latere.-
1615 1148 1717 1182 clava
1741 1152 1775 1182 et
1796 1147 2006 1192 pharetra).

404 1202 546 1246 Capuae
569 1213 644 1245 rep.
671 1202 723 1243 (X
742 1203 831 1237 5799
855 1203 948 1236 vidit
970 1204 1192 1249 Mommsen).
1218 1223 1261 1228 —
1287 1206 1320 1246 1)
1346 1204 1399 1245 Cf:
1426 1216 1538 1249 supra
1562 1205 1607 1240 N.
1624 1206 1732 1240 5252.

401 1304 515 1350 3444
573 1306 735 1346 Herculi
770 1304 776 1360 Ι
811 1306 997 1346 Aeliano¹
1027 1304 1033 1361 Ι
1068 1318 1244 1356 sacrum,
1281 1306 1286 1361 Ι
1321 1320 1438 1360 quem
1478 1305 1733 1362 consacralvit
1764 1307 1962 1348 Sammius
1995 1304 2002 1363 Ι

289 1374 532 1414 Tertullinus
559 1372 564 1426 Ι
592 1386 639 1413 ex
670 1373 932 1414 maioriari02.

405 1441 623 1482 Mirabellae,
654 1441 716 1472 uhi
736 1439 813 1480 fuit
835 1441 1032 1474 Aeclanum
1057 1440 1127 1484 (IX
1148 1441 1232 1475 4095
1257 1443 1349 1476 vidit
1372 1442 1594 1486 Mommsen).
1619 1462 1664 1468 -
1699 1443 1730 1485 1)
1754 1442 1896 1477 Similia
1921 1453 2005 1490 cog-

288 1498 435 1530 nomina
467 1497 630 1530 Herculis
659 1507 770 1540 supra
801 1496 846 1532 N.
862 1499 964 1540 5080,
994 1497 1094 1538 infra
1125 1497 1170 1532 Ν.
1188 1501 1287 1534 5468.
1324 1519 1368 1523 -
1405 1501 1438 1542 2)
1465 1497 1590 1540 Officii
1618 1499 1675 1533 vel
1698 1501 1822 1543 potius
1851 1499 2004 1533 militiae

288 1554 467 1596 quoddam
487 1564 603 1595 genus
626 1554 770 1587 videtur
793 1554 1018 1596 significari5
1044 1554 1091 1595 cf'.
1117 1566 1228 1598 supra
1254 1557 1304 1589 ad
1326 1555 1371 1590 N.
1388 1557 1489 1591 2448.

401 1643 514 1690 3445
555 1647 708 1687 numini
741 1647 881 1687 domus
902 1648 1000 1699 Aug.
1029 1645 1035 1701 Ι
1062 1660 1231 1688 sacrum.
1270 1649 1430 1689 Herculi
1460 1640 1620 1689 salutari
1633 1650 1657 1697 ¹,
1685 1646 1691 1703 Ι
1718 1649 1823 1700 quod
1854 1649 2002 1689 factum

288 1721 347 1755 est
371 1714 528 1755 sodalic.
551 1715 658 1755 horr.
682 1715 845 1755 Galban.
869 1715 1021 1755 cohort.
1041 1745 1050 1754 .
1068 1715 1096 1755 ‚²
1123 1713 1130 1771 Ι
1157 1716 1202 1755 Α.
1221 1716 1428 1757 Cornelius
1444 1717 1704 1770 Aphrodisius
1724 1716 1975 1769 quinquenii.
1994 1714 2001 1771 Ι

286 1783 501 1823 aediculam
534 1795 673 1823 novam
705 1796 726 1823 a
756 1784 840 1824 solo
871 1784 1071 1824 sodalibus
1100 1784 1181 1824 suis
1212 1782 1420 1840 pecun[ia]
1450 1783 1455 1840 Ι
1482 1797 1553 1826 sua
1574 1785 1724 1825 donum
1746 1785 1864 1825 dedit.
1892 1783 1899 1840 Ι
1926 1784 2002 1826 De·

286 1852 427 1892 dicavit
456 1852 493 1891 k.
526 1851 636 1892 Iunis
667 1851 858 1898 Quintillo
890 1857 929 1891 et
959 1851 1093 1892 Prisco
1125 1851 1223 1893 cos.³

399 1918 530 1952 Romae
553 1929 626 1962 rep.
650 1920 714 1952 sub
739 1919 929 1959 Aventino,
962 1921 1013 1951 est
1035 1918 1191 1962 Neapoli
1215 1919 1288 1963 (VI
1306 1920 1378 1954 558
1410 1918 1458 1960 cll
1481 1919 1589 1953 50744
1613 1922 1823 1962 recognovit
1847 1920 1999 1954 Huelsen

285 1976 334 2009 ad
349 1974 542 2019 ectypum).
566 1993 612 1999 —
641 1975 671 2017 1)
696 1975 882 2009 Herculem
898 1975 1094 2008 salutarem
1111 1977 1154 2009 ab
1171 1976 1372 2009 horreariis
1389 1976 1526 2009 cultum
1543 1977 1712 2010 habemus
1735 1979 1843 2010 etiam
1861 1977 1917 2020 VJ
1928 1977 2001 2012 559

286 2031 347 2073 (cll
371 2035 447 2066 not.
465 2032 516 2075 2),
548 2030 596 2071 cf.
627 2034 710 2064 item
747 2031 850 2072 infra
882 2032 1027 2065 titulum
1063 2032 1172 2066 Genio
1209 2034 1422 2066 horreorum
1454 2032 1722 2067 Leonianorum
1759 2034 1932 2068 dicatum.
1954 2051 2000 2059 -—

286 2090 319 2131 2)
346 2088 527 2122 Sodalicio
553 2090 765 2122 horreorum
791 2089 1044 2132 Gaanorum,
1069 2090 1226 2123 cohortis
1251 2089 1481 2133 (sequebatur
1504 2090 1703 2135 numerus).
1750 2091 1785 2123 A
1807 2090 1922 2124 simili
1943 2101 2001 2124 so·-

285 2145 418 2178 dalicio
444 2146 713 2178 horreariorum
738 2146 895 2178 cohortis
918 2146 1095 2179 secundae
1115 2148 1254 2189 positus
1278 2148 1329 2178 est
1353 2146 1480 2180 titulus
1495 2157 1606 2190 supra
1622 2146 1782 2187 Ν.4622,
1807 2158 1829 2181 α
1847 2147 1999 2190 collegio

285 2202 448 2234 Herculis
473 2202 630 2234 cohortis
652 2205 791 2243 primae
819 2202 871 2234 V!
890 2203 972 2235 559.
997 2222 1041 2226 -
1068 2204 1102 2243 3)
1126 2203 1168 2236 A.
1189 2203 1264 2236 459.

398 2292 512 2338 3446
550 2294 798 2334 sanctissimo
821 2294 982 2334 Herculi
1008 2294 1015 2343 Ι
1042 2295 1187 2335 invicto
1214 2293 1218 2349 Ι
1247 2307 1404 2348 corpor.
1437 2297 1711 2336 custodiar-ior.
1738 2295 1743 2350 Ι
1771 2295 1814 2336 L.
1838 2296 1998 2338 Curtius

284 2362 542 2411 Abascantus‚
578 2374 667 2402 cum
695 2359 701 2416 Ι
729 2361 864 2402 Curtio
895 2363 1099 2402 Gaudente
1129 2363 1181 2402 fil.
1209 2361 1214 2416 Ι
1243 2363 1351 2403 imm.
1382 2375 1415 2403 a.
1438 2363 1549 2413 1111¹‚
1577 2362 1582 2419 Ι
1609 2370 1799 2405 crateram
1831 2376 1997 2418 argyro-

285 2430 503 2471 corintham
530 2428 538 2485 Ι
565 2442 656 2470 cum
688 2430 769 2470 basi
799 2443 868 2471 sua
900 2437 939 2470 et
968 2431 1159 2484 hypobasi
1194 2430 1199 2485 Ι
1237 2443 1457 2471 marmorea
1483 2429 1489 2486 Ι
1516 2445 1585 2472 sua
1616 2431 1784 2484 pecunia
1815 2431 1993 2486 donum}

284 2499 491 2539 dederunt.
519 2496 525 2553 Ι
551 2497 726 2538 Dedicat.
744 2498 847 2538 Vllll
869 2498 906 2538 k.
923 2498 1010 2539 Iun.
1039 2497 1044 2553 Ι
1073 2499 1157 2539 Ser.
1175 2499 1362 2552 Scipione
1385 2500 1509 2540 Orfito
1532 2501 1579 2547 Q.
1597 2499 1719 2540 Non.²
1742 2499 1876 2540 Prisco
1897 2501 1997 2542 cos-⁸

396 2564 526 2598 Romae
557 2564 627 2608 (VI
648 2565 718 2598 527
747 2565 841 2598 vidit
864 2564 1034 2610 Henzen).
1059 2584 1105 2590 --
1138 2567 1169 2608 1)
1194 2567 1349 2599 Immuni
1373 2577 1550 2600 annorum
1575 2569 1754 2610 quattuor.
1772 2584 1815 2591 —
1847 2568 1881 2609 2)
1906 2566 1994 2602 Non.

277 2625 405 2664 postea
430 2622 592 2655 additum
617 2621 799 2660 (Huebner
814 2633 869 2655 ex.
887 2632 955 2656 scr.
974 2633 1026 2665 ep.
1042 2621 1138 2667 285),
1163 2623 1243 2655 vide
1259 2633 1306 2656 an
1323 2633 1432 2656 manu
1449 2625 1593 2657 recenti.
1618 2641 1663 2648 —
1688 2624 1721 2665 3)
1745 2623 1787 2656 A.
1805 2623 1868 2657 449
1885 2623 1995 2667 (alter

284 2678 468 2711 consulum
488 2680 677 2720 praeterea
703 2678 837 2711 dicitur
863 2678 986 2711 Sosius
1010 2679 1182 2721 Priscus).

395 2757 508 2803 3447
540 2759 700 2799 Herculi
720 2759 831 2799 bull.¹
863 2758 868 2814 Ι
896 2759 945 2799 Μ.
966 2759 1101 2812 Ulpius
1127 2759 1132 2814 Ι
1161 2762 1258 2813 Aug.
1275 2759 1341 2800 lib.
1369 2758 1375 2814 Ι
1402 2760 1643 2800 Timocrates
1669 2757 1676 2814 Ι
1702 2757 1878 2809 aeditus!
1900 2761 1937 2802 d.
1955 2762 1993 2802 d.

396 2825 528 2858 Romae
552 2826 705 2865 (V1302
730 2826 822 2859 vidit
845 2827 1016 2871 Henzen).
1035 2846 1079 2851 ——
1107 2829 1139 2870 1)
1162 2826 1317 2868 Balleia,
1341 2826 1520 2869 intellegit
1535 2826 1743 2866 Mommsen,
1768 2829 1934 2870 cogitans
1951 2828 1995 2862 do

282 2882 431 2915 Hercule
453 2884 607 2925 puerino
632 2882 696 2927 (cll
721 2882 767 2918 N.
779 2883 901 2928 5450).

396 2961 510 3008 3448
550 2963 707 3004 Hercoli
737 2964 857 3004 celeri
886 2966 951 3005 dat
977 2963 983 3019 Ι
1010 2966 1053 3004 Α.
1077 2964 1244 3005 Rutilius
1265 2964 1307 3004 P.
1330 2964 1354 3003 l.
1377 2964 1581 3004 Antiocus.

396 3029 527 3062 Romae
552 3030 624 3070 (VI
642 3031 708 3065 504
733 3029 781 3070 cs.
806 3031 888 3067 add.
909 3042 948 3074 p.
971 3032 1062 3066 5042
1087 3031 1182 3065 vidit
1206 3030 1430 3074 Scevonson).
