2092 3360
282 173 367 211 614
1010 170 1131 216 Caput
1152 170 1270 206 x1111.

283 286 547 319 Baebianorum
570 286 776 317 memoriam
799 288 993 318 servarunt
1012 288 1202 327 praeterea
1227 285 1326 318 tituli
1348 283 1402 318 IX
1414 285 1497 319 4466
1526 288 1560 317 et
1582 286 1614 318 is
1638 295 1740 328 quem
1771 286 1853 320 dedi
1880 298 1993 332 supra

281 341 328 375 N.
342 342 441 383 3806,
462 341 756 374 Cornelianorum
775 344 799 374 t.
810 340 995 381 Allifanus
1010 340 1113 380 infra
1130 340 1175 375 N.
1188 340 1288 374 6542.
1302 359 1347 365 -
1370 343 1404 383 5)
1426 341 1628 385 Imperator
1643 341 1824 376 Traianus
1838 345 1994 388 singulis

283 398 489 430 civitatibus
511 396 640 430 Italiae
665 400 840 439 pecunias
864 398 1057 440 adtribuit,
1090 409 1136 431 ea:
1160 408 1313 440 quarum
1336 397 1456 430 reditu
1481 408 1683 441 pauperum
1705 398 1794 439 filiis
1824 400 1994 435 alimenta

283 455 476 497 quotannis
489 455 759 496 praeberentur.
793 455 848 487 Ita
867 457 986 487 autem
1002 465 1044 486 ea
1060 465 1118 487 res
1132 455 1302 487 instituta
1315 456 1377 494 est,
1394 456 1436 486 ut
1445 456 1623 498 pecuniae
1638 455 1723 488 illae
1735 458 1995 498 possessoribus

281 509 403 549 fenori
419 510 605 551 darentur,
628 521 846 553 possessores
868 509 1003 550 fundos
1025 522 1107 545 suos
1124 512 1266 544 civitati
1289 511 1492 553 obligarent
1515 513 1567 552 (et
1582 512 1722 554 quidem
1738 511 1872 552 fundos
1888 514 1995 558 longe

281 567 429 599 maioris
440 567 556 608 pretii
572 577 677 609 quam
695 570 775 600 erat
789 569 942 610 pecunia
960 570 1116 611 accepta,
1141 567 1189 608 cf:
1201 571 1275 600 not.
1289 567 1360 611 40),
1385 570 1457 600 tam
1471 579 1540 611 pro
1556 572 1651 602 sorte
1668 580 1775 612 quam
1786 581 1857 613 pro
1873 573 1996 605 usuris

282 633 389 665 quam
406 625 601 665 quotannis
625 621 694 668 (vel
717 625 771 657 bis
791 635 859 668 per
882 634 1028 665 annum,
1054 623 1100 665 cl:
1119 627 1193 659 not.
1207 622 1263 670 45)
1289 627 1344 657 rei
1354 625 1522 667 publicae
1542 625 1748 669 penderent.
1781 625 1835 666 Cf.
1853 627 1996 662 Henzen

281 690 365 714 ann.
391 680 471 712 inst.
497 681 597 713 arch.
621 680 706 714 4844
725 691 764 724 p.
780 682 824 715 42
837 693 906 725 seq.
931 701 976 707 —
1006 681 1044 727 6)
1068 682 1269 724 Adfinibus.
1293 700 1339 706 —
1369 682 1403 724 7)
1427 681 1574 725 Populo.
1597 701 1643 708 ——
1668 684 1702 725 8)
1726 685 1926 720 Aestimati.
1948 700 1996 710 -—

282 737 316 777 9)
339 736 467 771 Fiunt.
506 755 552 761 -—
594 738 648 779 10)
683 737 827 771 Scilicet
859 741 899 772 in
925 740 1084 782 praedia
1114 741 1316 772 sestertium
1347 741 1485 771 centum
1509 740 1642 781 viginti
1664 741 1821 784 quinque
1850 742 1997 775 milibus

282 794 480 835 aestimata,
505 797 586 826 octo
611 797 752 827 tantum
775 796 876 828 milia
901 798 1048 840 accepit.
1092 796 1176 830 Tam
1201 796 1300 839 apud
1322 795 1475 838 Ligures
1498 796 1700 829 Baebianos
1724 807 1830 840 quam
1853 797 1996 832 Veleiae

284 849 404 892 (infra
418 849 464 885 N.
478 850 573 891 6675,
590 854 664 885 not.
677 850 731 896 46)
749 862 837 885 raro
856 853 1029 886 decimam
1044 856 1183 897 partem
1201 854 1278 885 eius
1292 863 1451 886 summae
1467 854 1693 896 accipiebant
1704 864 1932 897 possessores,
1954 855 1996 887 in

282 917 390 949 quam
404 905 514 946 fundi
530 909 573 940 ab
591 909 638 940 iis
656 909 808 951 obligati
823 912 1005 943 aestimati
1016 914 1130 951 erant,
1146 910 1354 953 plerumque
1370 911 1555 943 minorem.
1588 909 1764 943 Similiter
1775 911 1914 945 Plinius
1927 921 1995 954 pro

280 965 445 1006 pecunia,
465 959 588 1007 ‘quam
605 966 643 997 in
660 965 832 999 alimenta
858 968 1100 1009 ingenuorum
1124 969 1435 1010 ingenuarumque
1448 966 1580 1007 (Comi)
1598 970 1826 1009 promiserat,
1849 961 1993 1010 agrum’

282 1032 328 1053 ew
351 1023 424 1053 suis
456 1022 562 1063 longe
587 1021 708 1064 pluris
738 1026 855 1056 actori
882 1025 1027 1067 publico
1053 1023 1307 1069 (Comensium)
1340 1026 1561 1067 mancipavit
1590 1023 1699 1067 (Plin.
1725 1035 1776 1067 ep.
1799 1025 1833 1067 7,
1855 1024 1927 1070 48).
1954 1042 1997 1049 -

287 1078 342 1118 11)
366 1076 544 1110 Numerat
556 1077 610 1122 (Ρ)
637 1081 707 1122 <sic
731 1080 930 1123 eti-plicavit
953 1081 1145 1114 Mommsen
1170 1092 1254 1115 ann.
1278 1083 1360 1114 inst.
1385 1081 1471 1115 4844
1492 1092 1530 1124 p.
1546 1081 1618 1126 69).
1640 1100 1687 1105 -
1725 1082 1781 1124 12)
1808 1080 1862 1121 Cf.
1885 1091 1998 1125 supra

282 1133 327 1166 N.
352 1135 453 1170 5865.
477 1136 574 1169 6500.
609 1154 656 1160 —
694 1138 748 1179 13)
779 1138 835 1170 Ita
867 1138 1074 1180 significari
1101 1141 1208 1181 putat
1238 1137 1433 1171 Mommsen
1467 1138 1503 1173 Ο.
1521 1139 1548 1173 J.
1567 1138 1608 1172 L.
1634 1137 1685 1172 IX
1705 1149 1741 1181 p.
1763 1138 1832 1172 428
1858 1141 1998 1181 partem

283 1192 465 1224 territorii
489 1191 734 1225 Beneventani
761 1195 959 1236 aliquando
982 1195 1162 1237 Ligurum
1186 1195 1461 1229 Baebianorum.
1486 1214 1530 1220 —
1558 1196 1614 1238 14)
1637 1195 1777 1236 Adfine.
1802 1214 1847 1219 —-
1873 1195 1930 1237 15)
1954 1194 1998 1228 In

281 1246 436 1286 fundum
466 1251 693 1282 aestimatum
722 1254 858 1284 sestert.
882 1253 991 1286 50000
1024 1250 1164 1295 Crispia
1195 1252 1370 1285 Restituta
1401 1254 1588 1295 acceperat
1615 1253 1710 1286 5520
1743 1256 1898 1293 tantum,
1928 1262 1996 1295 pro

284 1305 411 1346 quibus
443 1316 574 1338 usuras
601 1307 756 1349 pendere
789 1308 936 1341 debebat
966 1312 1045 1343 sest.
1069 1311 1131 1351 88,
1162 1310 1203 1342 id
1233 1313 1286 1342 est
1313 1320 1444 1342 usuras
1472 1312 1718 1342 seaetantarias
1739 1310 1998 1342 semunciarias

285 1360 369 1406 (2112
380 1361 452 1406 ⁰so).
504 1362 636 1397 Usuras
661 1365 725 1397 Ιιαε
748 1369 931 1398 semestres
953 1365 1076 1407 fuisse,
1107 1369 1149 1398 ut
1171 1376 1313 1399 annuae
1342 1364 1484 1405 fuerint
1513 1367 1729 1409 quincunce-s
1761 1365 1820 1410 (ut
1845 1367 1885 1398 in
1910 1366 1998 1399 obli—

218 1421 230 1432 ’
280 1421 430 1459 gatione
456 1419 614 1453 Veleiate
638 1420 741 1460 infra
765 1421 808 1455 Ν.
827 1422 928 1462 6675)
955 1425 1108 1456 coniecit
1130 1423 1323 1456 Mommsen
1348 1422 1496 1466 (probat
1517 1423 1665 1456 Billeter
1683 1422 1803 1456 Gescli.
1822 1422 1880 1455 des
1893 1421 1997 1455 Zins-

283 1473 398 1514 s'usses
419 1486 454 1518 p.
472 1475 563 1520 494).
587 1495 632 1501 —
663 1479 718 1520 16)
744 1478 796 1518 CII
823 1483 896 1513 not.
915 1481 969 1514 15.
992 1499 1035 1504 -
1061 1481 1115 1522 17)
1141 1480 1237 1513 Idem
1260 1482 1302 1512 ut
1326 1480 1470 1513 videtur
1494 1481 1557 1522 qui
1579 1490 1690 1522 supra
1714 1478 1759 1514 Ν.
1781 1479 1879 1513 1032.
1893 1478 1997 1514 2001.

285 1531 319 1563 Is
343 1533 382 1564 in
407 1532 555 1565 Samnio
577 1536 783 1576 possidebat
805 1535 869 1577 (cf.
896 1536 940 1572 N.
961 1537 1051 1572 1032
1069 1535 1168 1583 not).
1204 1556 1250 1561 —
1288 1537 1343 1580 18)
1369 1536 1428 1570 Eoe
1451 1537 1649 1569 maioribus
1679 1538 1756 1569 eius
1781 1539 1841 1568 cui
1862 1536 1999 1579 positus

286 1591 338 1620 est
368 1590 496 1622 titulus
520 1590 790 1625 Beneventanus
813 1593 858 1628 N.
884 1594 988 1628 1343.
1036 1595 1096 1628 Ea:
1132 1595 1319 1627 ditissimis
1352 1594 1615 1636 possessoribus
1652 1595 1737 1635 agri
1758 1593 2001 1626 Beneventani

285 1643 398 1684 fuisse
429 1646 524 1679 hunc
553 1647 730 1681 Marcium
754 1649 924 1691 Rufinum
956 1654 1117 1694 apparet.
1166 1650 1221 1691 Cs'.
1246 1651 1441 1684 Mommsen
1470 1650 1588 1683 Herm.
1612 1649 1665 1690 49,
1689 1650 1775 1683 4884
1794 1659 1833 1692 p.
1847 1648 1922 1683 404.
1952 1665 1999 1672 —

288 1702 342 1743 19)
369 1701 423 1742 Cf.
448 1704 660 1749 Prosopogr.
677 1708 761 1750 imp.
779 1707 878 1742 Rom.
895 1708 954 1741 III
969 1719 1007 1751 p.
1022 1710 1101 1743 509.
1119 1727 1165 1734 -
1189 1709 1246 1751 20)
1270 1708 1334 1741 His
1357 1708 1490 1749 verbis,
1515 1717 1606 1750 quae
1630 1707 1738 1739 etiam
1763 1706 1846 1739 aliis
1862 1705 2000 1739 duobus

286 1759 373 1791 locis
389 1761 497 1793 huius
514 1763 655 1796 tabulae
672 1765 919 1806 inveniuntur,
937 1765 1079 1798 videtur
1094 1766 1265 1806 indicari,
1281 1774 1407 1798 novem
1423 1765 1651 1807 imperatoris
1669 1764 1881 1806 largitiones
1892 1772 1999 1805 prae—

286 1815 499 1860 diorumque
524 1819 760 1862 obligationes
784 1822 870 1854 huie
885 1822 1043 1855 decimae
1064 1824 1295 1864 praecessisse
1313 1822 1474 1862 (Henzen
1490 1831 1575 1855 ann.
1591 1822 1674 1853 inst.
1688 1820 1772 1853 4844
1786 1831 1822 1863 p.
1834 1818 1999 1862 44-45).

345 1967 382 1972 -
403 1908 517 1955 6510
568 1913 607 1952 C.
631 1914 828 1954 Minucius
856 1914 895 1957 C.
922 1915 948 1954 f.
970 1914 1049 1954 Fal.
1071 1914 1267 1954 Thermus
1297 1927 1371 1967 pr„
1404 1903 1499 1953 fivir
1530 1914 1536 1963 Ι
1570 1913 1642 1960 bis,
1673 1924 1797 1965 aquae
1826 1917 1998 1959 curator,

288 1990 325 2029 q.
352 1978 409 2028 ΙΙ,
442 1980 594 2032 quinq„
626 1981 700 2021 sibi
723 1988 762 2022 et
788 1979 794 2035 Ι
822 1982 862 2022 C.
885 1983 1058 2022 Minucio
1082 1982 1129 2029 Q.
1151 1983 1178 2022 f.
1201 1983 1281 2022 Fal.
1304 1983 1425 2035 patri,
1455 1980 1460 2036 Ι
1494 1978 1694 2037 Pont[i]ae
1714 1981 1757 2020 Ρ.
1779 1981 1806 2020 f.
1827 1979 1960 2028 matri,
1988 1975 1996 2034 Ι

287 2045 485 2087 Decimiae
516 2049 725 2090 Maxsimae
755 2051 888 2099 uxori,
917 2049 923 2104 Ι
959 2051 1154 2091 Minuciae
1186 2051 1354 2090 Vicanae
1384 2050 1451 2090 lib.

406 2113 563 2148 Tele-siae
588 2116 656 2159 (IX
676 2119 771 2152 2254
796 2118 887 2151 vidit
908 2117 1131 2159 Mommsen).

402 2172 504 2204 Alios
528 2174 652 2205 titulos
679 2173 858 2208 Telesinos
882 2175 966 2207 dedi
988 2175 1033 2209 N.
1051 2176 1144 2209 4464.
1167 2176 1272 2210 5372.
1296 2175 1396 2209 3706.
1418 2175 1517 2207 5060.
1532 2173 1638 2207 5528.
1661 2172 1760 2206 5507.
1775 2172 1878 2205 5595.
1899 2171 1998 2204 5690.

287 2227 383 2260 5947.
405 2229 503 2263 5987.

403 2297 514 2343 6511
566 2301 842 2353 Epitynchani)
870 2303 876 2353 Ι
903 2302 1176 2342 Telesinorum
1203 2300 1208 2357 Ι
1236 2314 1312 2341 ser.
1344 2301 1441 2350 ask„
1471 2298 1476 2354 Ι
1504 2299 1668 2340 Adiutor
1693 2298 1700 2352 Ι
1726 2298 1843 2338 vicar.

407 2365 562 2399 Telesiae
592 2366 662 2410 (IX
681 2369 772 2402 2244
796 2370 888 2401 vidit
913 2369 1134 2410 Mommsen).

402 2444 518 2491 6512
578 2449 665 2489 Sex.
697 2450 819 2490 Minio
851 2446 960 2505 Se[ae.
999 2446 1048 2506 f.]
1094 2448 1100 2505 Ι
1146 2451 1236 2492 'len
1269 2450 1426 2490 Silvano
1473 2447 1478 2504 Ι
1524 2450 1631 2498 aed.‚
1677 2449 1781 2491 livir.
1814 2448 1849 2488 11
1881 2447 2000 2500 quin-

293 2509 473 2569 [quenn.]‚
502 2514 508 2570 Ι
534 2524 635 2569 patr.
658 2518 788 2558 colon.
811 2515 1068 2575 Allif[anor.]‚
1096 2517 1102 2573 Ι
1129 2526 1279 2570 quaest.
1300 2531 1377 2559 sac.
1399 2531 1438 2571 p.
1460 2518 1595 2566 alim.¹‚
1627 2523 1777 2569 quaest.
1801 2512 1859 2572 [p.
1876 2511 1933 2571 p.]
1944 2511 1998 2570 ’,Ι

291 2581 442 2622 defens.
473 2597 503 2623 r.
535 2585 602 2637 pfl,
640 2598 776 2639 praep.
809 2599 847 2638 p.
880 2587 1025 2634 frum.⁴,
1066 2583 1184 2643 i[tem]
1224 2585 1229 2642 Ι
1263 2592 1387 2627 curat.
1419 2586 1561 2625 civitat.
1595 2585 1828 2637 Atinatium,
1863 2580 1870 2639 Ι
1906 2584 2001 2623 item

293 2656 415 2689 curat.
447 2651 638 2704 Ligurum
670 2652 1051 2711 Coi-{nelianorum⁵‚
1085 2655 1092 2710 Ι
1134 2655 1443 2696 contubernium
1474 2653 1661 2694 Veneris⁶
1700 2650 1706 2708 Ι
1746 2657 1916 2705 patrono
1947 2650 1999 2691 ob

292 2717 432 2757 merita
463 2720 559 2760 eius.
589 2719 594 2774 Ι
621 2722 664 2761 L.
696 2722 732 2761 d.
765 2724 802 2763 d.
834 2723 871 2763 d.

406 2785 526 2825 Alalis
556 2786 630 2832 (IX
647 2790 740 2823 2554
771 2790 862 2823 vidit
884 2791 1107 2835 Mommsen).
1142 2810 1187 2815 —
1227 2793 1259 2831 1)
1284 2789 1475 2832 Quaestori
1495 2798 1621 2822 sacrae
1645 2788 1821 2830 pecuniae
1852 2786 2000 2819 alimen-

293 2841 421 2882 tariae.
454 2842 550 2876 Idem
575 2846 638 2887 qui
660 2846 748 2878 alibi
766 2847 902 2880 dicitur
925 2852 1092 2890 quaestor
1109 2848 1377 2888 alimentorum,
1403 2848 1442 2879 in
1466 2850 1488 2879 t.
1505 2845 1711 2879 Faleriensi
1732 2841 1834 2883 infra
1851 2841 1898 2876 N.
1913 2841 2002 2877 6587

294 2899 461 2935 quaestor
485 2900 735 2935 alimentorum
754 2903 927 2937 Caesaris.
968 2903 1021 2943 ΕΙΣ
1047 2905 1189 2937 Henzen
1214 2915 1298 2937 ann.
1315 2905 1398 2936 inst.
1415 2903 1514 2936 arch.
1530 2901 1614 2934 4844
1634 2911 1671 2943 p.
1683 2899 1735 2934 46.
1759 2919 1804 2924 -
1828 2900 1863 2942 2)
1887 2899 2002 2942 Quaa-

293 2953 384 2983 stori
401 2957 582 2995 pecuniae
601 2959 768 3000 publicae
802 2979 849 2984 -
884 2961 918 3002 3)
941 2959 1134 3000 Defensori
1162 2962 1217 2993 rei
1242 2960 1420 3003 publicae.
1456 2977 1502 2983 —
1537 2959 1572 2999 4)
1597 2958 1804 2999 Praeposito
1824 2956 2001 2999 pecuniae

294 3004 565 3046 humentes-iae.
596 3033 638 3038 —
676 3015 708 3055 5)
739 3014 793 3055 Cf.
816 3017 865 3049 ad
887 3015 932 3050 N.
947 3018 1034 3050 6509
1057 3020 1130 3049 not.
1143 3016 1178 3051 4.
1210 3035 1252 3041 —-—
1289 3015 1325 3060 6)
1351 3014 1618 3049 Contubernium
1642 3011 1742 3047 Marti
1767 3013 1937 3047 cultorum
1958 3013 2000 3045 in

296 3066 318 3095 t.
342 3064 557 3106 Augus-tuno
582 3070 637 3102 III
661 3071 758 3105 5790.
