2092 3360
266 177 349 216 534-
977 179 1096 225 Caput
1119 178 1238 214 XIIII.

265 294 435 346 hospitio
466 293 726 344 clientelaque
753 291 759 346 Ι
794 293 1032 346 suscepisset
1061 293 1274 346 liberisque
1304 294 1386 335 suis
1416 292 1678 348 posterislque
1714 308 1863 340 eorum.
1925 297 1971 338 In

265 373 384 414 quam
422 373 505 400 rem
542 361 689 412 legatos
719 361 777 401 ire
818 359 824 415 Ι
866 361 1052 400 dixerunt
1089 361 1297 402 universos
1336 362 1486 403 ordinis
1522 364 1628 404 viros
1667 365 1674 418 Ι
1715 363 1972 406 censentibus

266 428 432 468 cunctis.
493 426 747 481 Agentibusl
782 428 932 468 curiam
973 428 1017 475 Q.
1052 429 1204 469 Valerio
1235 429 1420 470 Marcello
1461 437 1500 471 et
1539 431 1580 472 C.
1612 428 1839 484 Hor-'tensio
1870 432 1975 473 Gon-

266 496 357 535 cilio
387 495 574 536 duoviris.

377 581 516 630 (5111b
559 586 755 626 Feliciter.
791 585 797 640 Ι
835 586 906 626 Dd.
940 600 1010 626 nn.
1042 586 1180 641 Crispo
1221 595 1260 628 et
1299 586 1572 643 Constan'tino
1614 590 1736 630 nobb.
1768 590 1894 634 Caess.
1931 591 1975 632 it.

265 665 365 693 coss.
392 651 399 706 Ι
424 652 459 692 Χ
488 653 564 695 kal.
596 653 685 693 Mai.
726 651 732 708 Ι
775 653 889 700 Quod
922 655 968 702 Q.
991 655 1178 695 Aradium
1209 655 1290 695 Val.
1323 656 1534 697 Proculum
1568 658 1575 708 Ι
1607 669 1641 698 0.
1672 670 1720 705 v..
1757 658 1977 711 praesidem

265 733 376 773 prov.
407 720 487 761 Val.
519 721 671 775 Byzac„
708 724 714 773 Ι
755 721 1085 764 Faustianenses⁰
1123 731 1336 776 patronum
1377 722 1677 780 coopltaverunt
1714 738 1805 766 cum
1842 726 1978 768 liberis

264 788 513 842 posterisque
540 791 546 840 Ι
574 790 670 839 eius,
701 796 890 832 tesseram
921 792 1156 844 hospitalem
1182 790 1189 846 Ι
1216 804 1306 832 cum
1329 805 1376 832 eo
1398 793 1593 841 fecerunt,
1624 794 1683 834 uti
1702 806 1745 835 se
1767 794 1808 834 in
1829 791 1974 850 fidem}

265 864 384 910 atque
415 857 637 898 clientelam
667 859 728 899 vel
758 871 868 900 suam
897 857 902 914 Ι
928 860 990 900 vel
1019 866 1271 913 posterorum
1301 872 1466 901 suorum
1493 859 1501 914 Ι
1526 860 1745 914 reciperet,
1777 868 1895 916 atque
1925 863 1978 903 ita

266 926 305 965 in
338 925 411 966 hac
438 924 443 979 Ι
470 938 513 965 re
543 926 886 979 splendidissimus
917 928 1014 968 ordo
1042 926 1048 983 Ι
1075 927 1251 969 eiusdem
1283 927 1448 969 civitatis
1477 926 1784 984 Faustilanensis
1814 930 1978 983 legatio-

267 1006 360 1034 nem
395 991 645 1049 prolsecutus
675 1002 746 1036 est.

379 1081 513 1128 61110
557 1084 597 1124 b.
618 1084 674 1128 b.⁷
700 1083 706 1140 Ι
733 1086 922 1126 Petronio
944 1086 1142 1126 Prohiano
1173 1093 1213 1126 et
1242 1086 1382 1126 Anicio
1413 1086 1565 1126 Iuliano
1597 1086 1715 1127 coss.⁸
1741 1084 1747 1142 Ι
1774 1087 1876 1140 prid.
1907 1087 1978 1128 ka-

267 1151 403 1192 lendas
425 1153 578 1205 Apriles
604 1152 610 1207 Ι
645 1153 779 1194 coloni
810 1155 990 1195 coloniae
1020 1154 1152 1195 Aeliae
1182 1154 1403 1194 Hadrianae
1434 1157 1532 1206 Aug.
1559 1155 1566 1205 Ι
1603 1154 1742 1195 Zamae
1771 1155 1944 1207 Regiae⁹
1968 1152 1976 1211 Ι

268 1219 314 1265 Q.
346 1221 533 1260 Aradium
563 1221 762 1261 Valerium
792 1222 1005 1263 Proculum
1035 1224 1165 1276 ipsum
1199 1220 1204 1276 Ι
1241 1222 1388 1262 liberos
1417 1228 1681 1275 posterosque
1712 1223 1797 1263 eius
1826 1223 1901 1264 sibi
1931 1223 1979 1263 li-

268 1287 373 1328 beris
402 1286 665 1344 postelrisque
695 1290 777 1330 suis
806 1297 1020 1343 patronum
1051 1297 1351 1343 cooptaverunt.
1379 1289 1385 1344 Ι
1413 1290 1461 1337 Q.
1483 1290 1650 1331 Aradius
1671 1291 1848 1332 Valerius
1877 1291 1979 1332 Pro-

269 1355 382 1397 culus
427 1357 592 1398 colonos
632 1356 638 1412 Ι
679 1358 753 1402 col.
801 1358 885 1398 Ael.
930 1358 1150 1398 Hadrianae
1196 1361 1296 1411 Aug.
1341 1359 1480 1399 Zamae
1525 1358 1622 1410 Reg.
1668 1359 1776 1411 ipsos
1820 1356 1980 1415 lilberos

268 1429 492 1477 posterosq.
525 1438 662 1466 eorum
692 1426 768 1467 sibi
798 1427 932 1467 liberis
953 1427 1215 1484 posterislque
1244 1427 1326 1467 suis
1347 1427 1387 1467 in
1410 1427 1633 1467 clientelam
1662 1427 1824 1480 recepit.
1875 1427 1980 1481 Ege-

269 1498 366 1531 runt
391 1491 398 1546 Ι
426 1492 466 1533 C.
489 1493 642 1535 Mucius
672 1491 920 1550 B[r]utianus
949 1494 1163 1536 Faustinus
1192 1495 1444 1536 Antonianus
1473 1508 1509 1535 V.
1530 1508 1579 1544 e.‚
1610 1495 1713 1535 flam.
1734 1496 1834 1548 Aug.
1865 1508 1905 1548 p.
1925 1508 1980 1549 p.,

271 1570 374 1611 aug„
414 1573 499 1601 cur.
531 1575 564 1602 Γ.
594 1574 633 1615 p.
666 1571 881 1615 (sequuntur
904 1573 978 1606 alia
1002 1572 1179 1616 nomina).

384 1638 516 1673 Romae
539 1651 614 1684 rep.
644 1642 695 1674 ibi
717 1642 781 1674 uhi
803 1639 849 1675 N.
866 1641 1088 1675 4240-4242
1114 1640 1182 1685 (Vl
1207 1640 1300 1675 4687.
1324 1641 1420 1675 4685.
1445 1641 1541 1676 4688.
1565 1642 1650 1675 4686
1674 1641 1765 1674 vidit
1787 1640 1982 1675 Mommsen

269 1693 432 1738 Neapoli,
459 1695 506 1736 cll
525 1698 689 1731 Huebner
704 1709 762 1733 ex.
777 1708 848 1732 scr.
866 1699 981 1742 epigr.
997 1708 1034 1731 n.
1049 1698 1130 1731 882.
1145 1697 1222 1732 884.
1238 1698 1319 1738 885,
1341 1701 1488 1741 praeter·
1503 1698 1677 1742 tertiam).
1726 1697 1803 1734 Una
1819 1701 1982 1741 repertae

269 1755 355 1784 sunt
376 1754 509 1787 similes
533 1755 676 1788 tabulae
700 1755 753 1789 VI
774 1756 868 1789 4684.
892 1755 989 1788 4689.
1012 1773 1058 1778 -—
1093 1756 1125 1796 1)
1151 1754 1304 1797 Signum
1332 1754 1472 1788 Valerii
1495 1754 1653 1799 Proculi,
1674 1754 1722 1795 ef.
1747 1755 1797 1788 ad
1817 1754 1863 1790 Ν.
1878 1754 1982 1791 4240.

270 1809 370 1844 4242.
388 1829 434 1835 -
456 1812 490 1853 2)
515 1812 559 1849 Α.
575 1813 657 1847 524.
674 1831 718 1836 -
743 1813 776 1854 3)
805 1811 974 1845 Thaenae
989 1813 1028 1843 in
1047 1821 1111 1843 ora
1127 1809 1271 1853 Africa,
1295 1809 1342 1850 cll
1369 1810 1404 1845 C.
1421 1810 1446 1846 l.
1460 1810 1502 1844 L.
1527 1810 1620 1845 VIII
1636 1822 1672 1855 p.
1689 1812 1741 1846 40.
1757 1831 1803 1836 -
1826 1814 1877 1854 3³)
1901 1811 1982 1847 Sor.

270 1866 438 1909 praeside.
463 1887 508 1892 —
531 1870 566 1910 4)
590 1868 802 1912 nequir-itur
826 1868 981 1902 fecerunt
1005 1870 1039 1900 et
1062 1869 1114 1900 sic
1138 1867 1314 1910 deinceps.
1343 1886 1389 1892 —-
1421 1869 1454 1910 5)
1478 1867 1673 1901 Str-actura
1693 1870 1915 1912 perturbata.
1938 1887 1983 1894 -

271 1923 305 1964 6)
331 1922 465 1957 Civitas
488 1928 679 1968 praeterea
703 1928 840 1968 ignota.
866 1942 910 1948 —
935 1926 968 1966 7)
992 1924 1103 1957 Bonis
1127 1924 1212 1956 bene
1237 1923 1302 1968 (cf.
1319 1923 1364 1958 N.
1381 1925 1465 1958 4475
1482 1928 1556 1960 not.
1573 1925 1626 1969 2).
1653 1945 1695 1950 —-
1721 1926 1756 1967 8)
1779 1926 1822 1959 A.
1837 1926 1983 1960 522.—

272 1980 307 2022 9)
330 1980 384 2013 De
407 1981 524 2015 Zama
549 1981 596 2022 ef.
620 1993 732 2026 supra
757 1983 805 2015 ad
827 1981 874 2016 N.
897 1982 981 2015 4454
1005 1983 1078 2014 not.
1103 1981 1138 2014 2.

386 2084 501 2132 6112
548 2086 577 2126 F
582 2087 605 2125 Ι.
638 2086 860 2127 Feliciano¹
892 2093 930 2127 et
960 2086 1081 2126 Fabio
1114 2071 1269 2125 Titiano
1301 2085 1451 2125 conss.²
1476 2083 1483 2135 Ι
1511 2085 1660 2138 pridiae
1687 2089 1772 2134 (sic)
1803 2085 1879 2125 kal.
1901 2084 1983 2125 Ma·

558 2141 824 2152 nnnnnnnnnnnn

273 2165 330 2205 ias
357 2163 362 2220 Ι
390 2162 729 2233 4.¹.¹[.‘]9J¹[31².‘]{¹}?
753 2196 763 2207 .
785 2196 795 2206 .
819 2196 828 2206 .
850 2167 894 2233 9¹
927 2172 966 2206 et
996 2165 1150 2218 Oppius
1172 2165 1362 2205 Silbester
1390 2164 1498 2205 IIviri
1525 2164 1530 2220 Ι
1559 2165 1739 2206 coloniae
1770 2165 1984 2206 Paestano-

274 2258 363 2286 rum
394 2258 483 2286 cum
514 2247 556 2286 in
588 2247 696 2286 curia
727 2246 915 2287 Caesarea
955 2243 962 2300 Ι
1002 2247 1234 2297 frequentes
1273 2244 1509 2285 decuriones
1549 2244 1786 2293 adfuissent,
1832 2239 1982 2298 herba}

274 2314 478 2353 fecerunt:
530 2314 748 2355 Iandudum
774 2319 858 2363 (sic)
890 2327 962 2367 per
990 2314 1195 2354 decretum
1229 2320 1409 2353 nostrum
1437 2309 1442 2365 Ι
1475 2319 1709 2365 patronatus
1738 2307 1985 2368 ho[n]orem⁸

275 2381 435 2422 Aurelio
467 2382 683 2422 Gentiano⁴
720 2396 752 2423 v.
785 2383 840 2436 p.⁶
880 2382 888 2435 Ι
932 2382 1146 2435 optulimus
1185 2379 1438 2432 tabulamque
1479 2393 1633 2421 aeream
1670 2377 1984 2435 subsecutulram

275 2462 439 2514 polliciti
469 2475 618 2503 sumus
679 2463 776 2515 Itaq.
809 2463 1002 2515 optimum
1034 2468 1105 2510 est,
1134 2458 1140 2514 Ι
1167 2460 1403 2501 sanctissimi
1435 2460 1765 2509 condecuriones,
1795 2465 1840 2500 ut
1862 2471 1985 2512 spon-

276 2530 379 2570 sioni
420 2528 426 2584 Ι
469 2538 626 2571 nostrae
664 2544 886 2584 pareamus.
946 2531 1201 2584 Quapropter
1237 2525 1453 2583 offerenlda
1493 2535 1553 2569 est
1588 2528 1719 2569 tabula
1754 2533 1987 2581 patronatus

278 2598 405 2638 eidem
435 2599 595 2639 Aurelio
630 2597 636 2652 Ι
677 2599 874 2640 Gentiano
905 2612 940 2640 v.
970 2612 1023 2651 p.,
1069 2610 1185 2650 quam
1225 2609 1315 2638 cum
1354 2596 1557 2649 suscipere
1587 2597 1706 2637 fuerit
1744 2593 1751 2650 Ι
1791 2595 1986 2646 dignatus,

681 2653 868 2663 ιιιιιιιιιιιιιιιιι

277 2689 482 2730 speramus
513 2679 651 2728 forte⁶‚
684 2680 790 2731 quod
822 2685 861 2719 et
891 2691 964 2719 nos
994 2684 1032 2718 et
1065 2677 1072 2731 Ι
1113 2677 1278 2730 patriam
1312 2682 1488 2716 nostram
1519 2676 1558 2716 in
1591 2675 1778 2716 omnibus
1808 2673 1952 2715 fobeat.
1980 2671 1986 2729 Ι

278 2744 336 2783 Ab
369 2745 507 2785 ordine
539 2747 687 2787 dictum
719 2753 797 2787 est:
844 2747 994 2800 placet3
1026 2745 1155 2799 placet
1185 2742 1388 2800 comlpleri
1418 2743 1674 2796 sponsionem
1705 2747 1904 2791 nostram,
1944 2748 1989 2782 ut

1080 2870 1204 2879 ......

280 2891 476 2932 credimus
517 2893 522 2947 Ι
566 2906 654 2933 eum
696 2901 736 2934 et
773 2894 944 2934 libenter
984 2895 1185 2945 suscipere
1227 2899 1265 2932 et
1302 2892 1343 2931 in
1384 2888 1583 2945 ominibus
1624 2900 1698 2929 nos
1742 2888 1988 2942 patriamque

282 2965 457 3000 nostram
484 2959 489 3015 Ι
518 2961 668 3002 fobere.

396 3038 512 3071 Paesti
534 3050 620 3083 rep„
652 3039 772 3072 tabula
806 3050 933 3081 aenea,
962 3042 1014 3071 est
1043 3038 1197 3082 Neapoli
1231 3037 1283 3083 (X
1302 3037 1364 3072 476
1391 3035 1482 3069 vidit
1506 3034 1718 3076 Mommsen5
1754 3033 1801 3075 cll
1826 3034 1990 3068 Huobmr

284 3102 339 3126 εκ.
363 3102 430 3126 scr.
456 3096 570 3136 epigr.
595 3095 692 3139 885).
717 3114 762 3120 -
797 3097 828 3137 1)
855 3094 908 3135 Cf:
933 3098 1006 3129 not.
1030 3097 1060 3128 4.
1081 3114 1127 3120 —
1158 3096 1191 3136 2)
1215 3094 1259 3127 A.
1282 3093 1363 3128 357.
1387 3111 1430 3117 —-
1464 3093 1497 3134 3)
1522 3091 1659 3125 haorem
1683 3093 1835 3124 incisum
1859 3093 1921 3126 est.
1944 3108 1990 3115 —-
