2092 3360
263 149 376 186 Tituli
400 160 551 196 operum
573 148 809 193 locorumque
831 146 1075 193 publicorum.
1106 167 1142 172 —
1172 145 1408 183 Ponderaria.
1434 144 1644 190 Horologia.
1746 144 1826 183 395

183 288 186 291 ¹
229 264 341 312 5615
376 278 534 308 sacrum
555 264 716 305 Hercul.
742 262 749 319 Ι
777 276 875 316 mag.
899 263 996 303 vici¹
1028 263 1123 303 anni
1145 262 1210 303 xl.
1237 262 1243 315 Ι
1271 263 1316 302 A.
1332 262 1378 302 A.
1399 261 1535 302 Marcii
1555 260 1799 301 Athenodor.
1822 264 1828 311 Ι

117 334 203 376 lib?
232 334 391 375 Hilarus
421 340 462 374 et
491 333 612 382 Bello,
640 330 647 387 Ι
673 333 716 376 N.
750 333 897 373 Lucius
927 331 1141 372 Hermeros
1168 328 1174 384 Ι
1200 330 1387 383 Aequitas
1422 342 1524 382 mag.
1555 327 1670 376 iter.³,
1698 325 1704 382 Ι
1730 340 1831 381 pon-

115 403 208 444 dera
238 403 391 444 auraria
422 409 461 443 et
487 400 492 457 Ι
520 401 742 455 argentaria
767 399 774 455 Ι
802 400 967 441 viciniae
996 407 1232 453 posuerunt,
1260 396 1266 454 Ι
1293 399 1395 439 idem
1427 396 1629 438 tuentur⁴.
1667 404 1734 450 (Et
1756 404 1828 437 alia

115 491 227 515 manu
250 481 432 525 additum)
463 484 570 511 anno
591 469 679 511 XIX
706 468 711 524 Ι
738 482 811 523 pro
843 475 967 523 parte,
1004 466 1196 523 in'vigul.⁵
1226 480 1298 520 pro
1330 466 1459 514 vicin.,
1487 464 1494 518 Ι
1520 478 1599 506 una
1629 477 1719 506 cum
1750 476 1832 504 ma-

117 540 226 592 gistr.
254 538 260 594 Ι
287 539 555 580 contulerunt.

235 606 367 640 Itomae
389 606 452 639 sub
477 606 656 639 Aventino
681 615 756 648 rep.
781 604 852 645 (VI
872 605 943 638 282
969 604 1018 637 ad
1039 603 1288 647 apographum
1312 600 1494 645 Mar-inii).
1511 619 1557 625 —-
1583 602 1615 642 1)
1642 598 1696 639 Cf.
1720 608 1831 641 supra

118 661 163 696 Ν.
179 663 271 698 5643
294 665 368 696 not.
383 665 419 697 5.
456 681 502 687 —
537 663 572 704 2)
595 662 818 696 Athenodori
842 661 973 695 liberti.
1009 678 1054 684 —
1090 660 1124 702 3)
1148 659 1246 692 Idem
1269 657 1464 691 Numerius
1486 657 1622 691 Lucius
1646 657 1834 689 Her-meroe

117 719 273 752 eiusdem
297 721 368 752 vici
390 720 564 761 magister
586 718 710 758 fuerat
733 718 850 752 decem
875 719 982 750 annis
1005 720 1099 759 ante,
1122 715 1258 749 scilicet
1280 716 1378 747 inter
1395 717 1535 758 primos
1551 715 1623 747 vici
1637 714 1834 756 magistros

118 774 190 820 (VI
209 775 310 821 283),
342 779 418 810 tum
440 776 601 809 nondum
624 776 799 818 Aequitas
823 774 1043 818 appeltam&
1071 772 1215 806 videtur
1238 772 1305 804 Ιιοσ
1328 781 1457 804 nomen
1480 773 1657 814 accepisse
1683 773 1834 814 propter

119 834 212 866 hanc
235 835 352 877 ipsum
372 833 573 876 ponderum
588 842 715 866 euram
731 830 995 875 (Momms.).--
1017 830 1053 871 4)
1078 828 1196 862 Simul
1218 838 1342 861 euram
1366 830 1406 861 in
1429 839 1468 860 se
1489 830 1724 871 susceperunt
1744 837 1834 872 pon·

120 890 244 923 derum
264 890 476 924 tuendorum
483 901 498 931 ;
522 889 618 923 unde
635 889 850 932 explicatur,
875 889 938 930 qui
960 887 1045 928 fiat,
1068 888 1111 918 ut
1130 884 1238 917 iidem
1256 885 1415 917 homines
1431 888 1515 928 post
1534 887 1613 918 octo
1637 894 1752 917 annos
1773 882 1834 916 ad-

120 949 254 981 iunctis
284 950 362 980 eius
393 948 483 980 anni
518 946 702 988 magi-stris
738 944 787 977 ad
815 943 964 976 eandem
999 952 1075 976 rem
1102 943 1296 985 pecuniam
1328 941 1521 982 conferant
1552 940 1759 985 (Momma).
1790 958 1836 964 —

120 1006 153 1043 5)
183 1005 439 1045 Invigulantes.

234 1095 347 1141 5616
385 1097 488 1149 prid.
518 1094 593 1134 kal.
624 1093 783 1133 Martias
812 1093 852 1132 in
881 1092 1012 1140 curia3
1042 1091 1254 1132 scribendo
1275 1091 1490 1132 adfuerunt
1510 1091 1672 1132 cuncti.¹
1719 1091 1834 1137 Quod

120 1165 239 1207 verba
261 1167 361 1206 sacta
382 1171 477 1206 sunt
496 1163 546 1204 M.
568 1162 619 1202 M.
640 1160 840 1201 Remmios
861 1160 986 1200 Rufos
1006 1165 1107 1213 patr.
1131 1167 1170 1200 et
1190 1160 1243 1200 fil.
1266 1160 1372 1200 llvir.
1393 1160 1480 1200 iter.
1502 1173 1549 1200 ex
1571 1172 1641 1200 sua
1663 1159 1835 1212 pequnia

120 1234 297 1287 pondera
327 1240 367 1274 et
395 1231 652 1274 chalcidicum
684 1236 723 1269 et
745 1228 919 1269 scholam
939 1229 1159 1269 secundum
1181 1229 1387 1282 municipii
1407 1228 1661 1281 splendorem
1682 1227 1836 1275 fecisse,

121 1316 221 1356 quae
249 1303 353 1344 tueri
381 1301 542 1355 publice
571 1298 743 1343 deceret,
774 1297 811 1336 d.
834 1309 869 1336 e.
891 1309 923 1336 r.
945 1296 970 1336 i.
992 1297 1065 1336 c.²:
1098 1297 1257 1337 Placere
1287 1297 1381 1337 huic
1411 1297 1558 1346 ordini,
1590 1308 1681 1336 cum
1711 1295 1762 1335 M.
1784 1295 1836 1336 Μ.

120 1372 274 1412 Remmi
304 1377 383 1423 pat.
405 1375 444 1409 et
471 1369 524 1408 fil.
545 1367 654 1408 llvir.
685 1365 773 1405 iter.
803 1364 843 1404 in
884 1363 1047 1405 edendis
1071 1365 1305 1405 muneribus
1333 1365 1431 1405 adeo
1461 1365 1645 1405 liberales
1675 1364 1836 1412 suerint,

122 1447 166 1481 ut
196 1451 336 1480 eorum
374 1443 636 1478 monumenta
675 1432 809 1474 decori
847 1432 1066 1486 municipio
1105 1433 1205 1481 sint,
1245 1433 1342 1473 adeo
1373 1433 1602 1486 diligentes,
1639 1439 1683 1472 ut
1713 1432 1838 1472 vitieis

120 1509 344 1561 ponderum
375 1505 625 1547 occurrerint
653 1503 772 1554 idque
802 1501 843 1540 in
874 1508 1113 1553 perpetuum
1144 1501 1401 1554 providerint,
1433 1501 1589 1554 placere
1610 1501 1838 1542 decurioni-

121 1576 196 1617 bus
226 1576 276 1617 M.
306 1576 357 1616 Μ.
390 1574 591 1615 Remmios
620 1572 746 1612 Rufos
784 1575 886 1622 patr.
918 1576 957 1609 et
987 1569 1054 1620 fil„
1093 1570 1184 1611 dum
1222 1570 1281 1610 eei
1320 1570 1520 1619 viverent,
1558 1583 1695 1610 eorum
1736 1582 1838 1623 pon-

122 1645 260 1686 derum
292 1652 332 1684 et
360 1643 519 1684 scholae
550 1647 589 1682 et
619 1638 784 1681 chalcidi
809 1643 893 1688 (sie)
916 1650 1017 1691 quae
1047 1638 1122 1691 ipsi
1146 1638 1334 1679 fecissent
1361 1639 1683 1692 procurationem
1718 1636 1837 1686 dari³,

123 1720 247 1766 utque
277 1725 412 1753 servos
443 1711 535 1764 quei
566 1710 650 1750 eius
679 1707 910 1760 redemptus
931 1713 991 1747 est
1010 1708 1086 1746 erit
1106 1707 1189 1747 eei⁴
1211 1707 1371 1759 negotio
1393 1713 1688 1760 praeponerent
1708 1719 1840 1758 neque

124 1781 217 1822 inde
249 1781 392 1821 abduci
419 1781 507 1820 sine
527 1780 662 1819 decur.
683 1777 832 1825 dereto,
863 1781 903 1815 et
931 1775 981 1818 M.
1006 1775 1057 1815 M.
1079 1775 1255 1816 Remmis
1276 1775 1386 1816 Rufis
1414 1776 1517 1828 patri
1547 1781 1586 1815 et
1605 1776 1659 1815 fil.
1681 1774 1839 1827 publice

125 1849 274 1902 gratias
304 1849 403 1902 agei,
435 1847 540 1900 quod
571 1844 821 1887 iterationem
850 1844 1018 1884 honoris
1046 1856 1185 1885 eorum
1216 1857 1296 1883 non
1318 1843 1547 1884 ambitionei
1569 1856 1700 1896 neque
1721 1844 1840 1883 iacta·

125 1917 226 1957 tioni
256 1929 349 1957 suae
380 1916 564 1957 dederint
593 1915 661 1955 sed
691 1914 732 1953 in
765 1912 916 1952 cultum
948 1912 1139 1964 municipi
1170 1920 1209 1952 et
1239 1912 1424 1951 decorem
1456 1912 1713 1952 contulerint.

216 1994 278 2028 Ex
300 1994 492 2027 ruderibus
515 1992 731 2025 Herculanei
755 1993 918 2023 ema-acta
942 2000 1034 2023 saec.
1049 1988 1139 2023 XVI
1158 1988 1210 2034 (X
1230 1989 1319 2023 4455
1342 1991 1395 2021 bie
1419 1988 1627 2034 descripta).
1665 1989 1840 2022 Versuum

127 2052 336 2085 distributio
359 2052 499 2084 ineerta
515 2053 576 2083 est.
602 2069 643 2074 —
672 2050 704 2091 1)
727 2047 904 2081 Similiter
926 2057 1037 2089 supra
1053 2045 1100 2080 Ν.
1114 2046 1194 2081 272.
1211 2065 1256 2070 -
1281 2047 1315 2088 2)
1338 2045 1393 2078 De
1416 2057 1457 2078 ea
1474 2057 1514 2079 re
1530 2048 1584 2079 ita
1601 2057 1778 2080 censuere.
1796 2065 1841 2071 ·—

127 2110 161 2150 3)
186 2107 264 2142 Ser.
279 2107 415 2141 habere.
430 2126 471 2132 ——
492 2109 526 2149 4)
547 2106 609 2140 Sic
625 2105 779 2139 alterum
796 2104 1060 2147 apographum,
1077 2113 1196 2137 servos
1213 2103 1287 2137 eius
1311 2128 1320 2137 .
1334 2127 1343 2137 .
1360 2130 1368 2137 .
1381 2103 1494 2147 mpius
1511 2109 1565 2137 est
1586 2128 1594 2137 .
1610 2129 1621 2139 .
1636 2129 1645 2138 .
1661 2113 1738 2147 neg.
1756 2103 1841 2137 alte-

127 2175 231 2206 rum5
264 2163 379 2205 fuisse
404 2174 522 2198 servos
547 2163 627 2207 quei
652 2163 726 2197 eius
750 2163 797 2196 rei
823 2161 856 2196 k.
882 2161 1030 2206 (kausa)
1057 2163 1194 2203 emptus
1218 2164 1271 2193 est
1296 2161 1360 2194 erit
1380 2162 1574 2204 proposuit
1596 2160 1756 2195 Momms.

236 2221 375 2255 Titulos
390 2223 429 2254 in
446 2221 534 2264 ipsis
545 2220 767 2263 ponderibus
783 2219 839 2252 vel
854 2219 1031 2252 mensuris
1046 2218 1199 2260 scriptos
1215 2216 1289 2249 alio
1306 2217 1383 2251 loco
1401 2218 1563 2251 dabimus
1581 2221 1701 2258 (lustr.
1719 2218 1841 2259 dom.).

243 2381 357 2427 5617
398 2382 440 2422 C.
462 2382 651 2435 Popillius
681 2379 984 2432 Philodespotus
1011 2377 1016 2432 Ι
1043 2378 1124 2418 Iovi
1153 2380 1191 2419 d.
1223 2379 1260 2418 d.
1290 2390 1467 2418 mensam
1499 2385 1537 2418 et
1566 2379 1747 2431 horolog.

245 2449 383 2492 Alla‘fis,
406 2459 527 2482 mensa
552 2447 620 2492 (IX
632 2448 729 2482 2324
752 2447 846 2480 vidit
868 2446 1092 2490 Mommsen).

247 2506 351 2540 Aliae
368 2506 640 2549 horologiorum
664 2505 861 2537 mentiones
877 2504 982 2536 habes
997 2513 1108 2547 supra
1125 2501 1170 2537 N.
1183 2504 1282 2536 4845.
1297 2503 1400 2537 5548.
1428 2502 1478 2535 VI
1493 2502 1616 2535 40257.
1641 2500 1841 2535 V1114515.

131 2563 166 2597 X
186 2564 281 2597 4647.
322 2563 412 2598 XIV
420 2563 509 2598 5947
525 2566 588 2596 cet.
637 2562 679 2595 ln
703 2561 891 2604 horologio
915 2560 1050 2593 solario
1075 2563 1127 2592 est
1149 2558 1204 2593 XI
1223 2559 1316 2594 4749.

247 2643 361 2690 5618
400 2645 448 2692 Q.
470 2645 643 2685 Murrius
668 2648 675 2697 Ι
703 2643 844 2683 Thales
870 2639 877 2695 Ι
902 2642 1139 2694 horilegium
1165 2640 1172 2696 Ι
1200 2642 1273 2681 col.
1304 2641 1420 2680 fabr.¹
1451 2641 1488 2679 d.
1520 2639 1559 2679 d.

250 2712 456 2746 Tarracone
481 2710 537 2753 (ΙΙ
556 2711 642 2745 4546
667 2711 758 2742 vidit
784 2709 974 2752 Huebner).
998 2728 1043 2733 —
1069 2710 1100 2750 1)
1127 2708 1282 2750 Collegio
1306 2706 1462 2747 fabrum.

247 2793 359 2839 5619
399 2794 443 2834 L.
466 2794 665 2847 Sepunius
696 2793 739 2832 L.
772 2794 798 2832 f.
820 2792 1082 2841 Sandiliauus,
1111 2790 1116 2846 Ι
1143 2792 1194 2831 Μ.
1218 2791 1443 2831 Herennius
1474 2794 1518 2830 A.
1543 2791 1568 2830 f.
1592 2790 1807 2843 Epidianus
1835 2787 1840 2845 Ι

136 2863 288 2903 duovir.
319 2863 343 2905 i.
373 2863 425 2912 d.,
462 2862 572 2903 scol.¹
604 2870 655 2903 et.
686 2860 813 2901 horol.
842 2859 846 2914 Ι
874 2859 911 2899 d.
942 2873 973 2900 s.
1004 2874 1043 2913 p.
1073 2862 1099 2900 f.
1131 2862 1182 2900 c.²

250 2931 426 2973 Pompeiis
450 2931 490 2962 in
513 2927 598 2969 s'oro
623 2927 858 2970 triangulari,
883 2928 1141 2971 hemicyclium,
1169 2929 1222 2960 est
1243 2925 1397 2969 Neapoli
1421 2924 1473 2968 (Χ
1491 2923 1558 2959 854
1586 2924 1676 2957 vidit
1698 2923 1846 2957 Momm-

139 2984 228 3030 sen).
253 3005 298 3011 —
324 2987 357 3029 1)
381 2984 559 3020 Scholam.
583 3003 630 3010 —
652 2986 687 3028 2)
711 2985 765 3017 De
788 2995 854 3018 sua
875 2985 1029 3027 pecunia
1053 2983 1268 3024 faciundum
1292 2985 1480 3016 curarunt.

252 3042 361 3075 Iidem
385 3043 531 3075 duoviri
554 3045 659 3074 etiam
683 3044 721 3072 in
747 3042 834 3074 aede
859 3040 1037 3080 Apollinis
1060 3041 1287 3081 horologium
1313 3039 1577 3078 dedicat-erunt,
1602 3037 1636 3070 X
1655 3037 1734 3068 802.
