2092 3360
368 200 483 238 Tituli
507 200 605 237 sacri
627 203 664 236 et
688 201 932 237 sacerdotum.
949 220 996 227 -
1018 200 1179 237 Numina
1202 201 1345 239 Galliae
1368 204 1406 238 et
1430 202 1659 239 Germaniae.
1782 203 1865 243 209

266 313 385 362 4590
422 315 618 358 Mercurio
645 312 652 370 Ι
678 316 880 357 Arverno¹
908 315 915 371 Ι
943 316 994 357 Μ.
1016 316 1139 358 lulius
1165 317 1170 372 Ι
1199 318 1334 359 Audax
1360 317 1367 372 Ι
1393 330 1468 372 pro
1488 330 1530 359 se
1559 324 1599 359 et
1623 317 1630 373 Ι
1657 318 1740 360 suis
1765 318 1790 359 l.
1812 331 1865 359 m.

153 383 210 430 (in
233 393 448 427 unoquoque
472 382 602 417 latere:
629 382 768 428 arbor).

267 441 367 475 Inter
381 439 598 474 Novaesium
611 438 760 485 (Nam)
777 442 813 473 et
829 438 974 481 Krel'eld
988 451 1075 484 rep„
1094 451 1210 485 prope
1223 442 1415 486 praedium
1433 441 1649 487 Gripewald,
1670 453 1745 477 non
1762 442 1867 485 longe

152 509 175 532 a
202 497 323 532 Rheno
347 500 384 530 et
408 496 578 537 Gelduba,
603 499 655 530 est
669 498 709 530 in
724 507 844 531 museo
862 497 1044 531 Bonnemi
1060 496 1278 542 (Brambaeli
1294 499 1411 533 π.236
1426 498 1545 543 vidit).
1564 518 1608 524 —-
1634 500 1668 542 1)
1691 498 1776 532 Alia
1800 510 1867 532 ara

152 555 311 590 eiusdem
326 554 386 588 dei
400 563 476 587 una
491 554 637 587 inventa
651 556 704 586 ost
715 553 935 595 (Brambaelz
946 555 1043 598 257),
1061 553 1107 595 cll
1121 557 1310 598 praeterea
1323 556 1527 590 Brambaclz
1535 556 1640 590 2029.
1663 556 1868 590 Mercurius

151 614 339 648 Arvernae
361 613 394 644 ie
417 613 470 643 est
490 612 594 644 euius
612 612 812 654 praecipua
836 611 933 644 sedes
957 612 1057 655 apud
1078 612 1262 646 Arvernos
1284 611 1370 653 fuit,
1396 611 1443 652 es:
1469 611 1572 652 infra
1596 611 1641 646 Ν.
1657 613 1752 646 4600.

266 679 379 727 4591
419 680 601 721 Adverno
623 685 708 727 (sic)
734 679 741 735 Ι
771 680 813 721 L.
835 681 1013 722 Valerius
1039 681 1045 736 Ι
1072 682 1224 722 Atticus
1251 679 1257 735 Ι
1286 676 1413 738 [i]mp.
1443 678 1566 737 i[p]s.¹

269 749 437 783 Coloniae
459 747 687 790 Agrippinae
712 746 831 790 (Klein
854 748 950 782 Anu.
974 747 1132 783 altman.
1157 750 1211 790 90,
1235 748 1319 782 4894
1338 758 1378 791 p.
1394 748 1486 788 499).
1512 767 1555 773 -
1586 749 1619 790 1)
1643 748 1704 782 Sic
1726 749 1869 782 litterae

154 805 326 840 evanidae
347 805 528 847 supplevit
552 804 680 837 editor.

264 874 384 920 4592
422 875 620 915 Mercurio
646 874 653 927 Ι
682 874 960 926 Arvernorigi¹
988 873 996 928 Ι
1023 874 1211 914 Cossillus
1240 872 1395 929 dlonavi
1427 888 1468 916 es
1497 878 1583 916 visu
1606 875 1613 928 Ι
1634 876 1738 916 letus
1767 854 1867 916 lib—e}

150 947 190 974 m
216 934 306 974 rito.

193 947 214 975 θ
268 1000 477 1041 Miltenberg
484 997 591 1043 (XIII
603 997 743 1032 6605=
754 996 957 1030 Brambaolz
972 997 1054 1031 4744
1071 997 1163 1030 vidit
1173 997 1474 1041 Zangemeister).
1486 1018 1532 1023 —
1547 1000 1581 1041 1)
1595 997 1649 1038 Gr.
1663 997 1870 1039 Hirschfeld

154 1058 189 1092 C.
209 1058 236 1092 I.
254 1057 295 1090 L.
311 1055 397 1090 XIII
416 1066 455 1098 p.
474 1055 565 1089 494⁸.

265 1125 384 1172 4593
423 1141 556 1179 (eques,
586 1144 690 1177 quem
714 1136 845 1167 bestiae
867 1135 961 1167 duae
983 1135 1178 1179 invadunt)
1218 1125 1292 1165 deo
1322 1126 1520 1166 Mercurio
1554 1125 1867 1166 Kanetonnessi²

150 1196 197 1236 G.
221 1196 403 1249 Propert.
424 1193 634 1234 Secundus
662 1205 697 1232 v·
720 1205 751 1232 s.
774 1192 799 1234 l.
822 1205 873 1232 m.
905 1201 964 1247 (ln
986 1206 1091 1246 parte
1113 1213 1239 1236 aversa
1265 1203 1370 1248 disca)
1398 1206 1437 1246 p.
1459 1193 1514 1242 111
1535 1204 1558 1235 :2
1577 1193 1593 1214 ²

265 1260 511 1295 Berthouville
525 1262 565 1292 in
581 1258 810 1293 Normandia
833 1270 926 1302 rep.‚
952 1259 1071 1292 discus
1087 1263 1290 1303 argenteus,
1315 1262 1390 1293 iam
1405 1260 1558 1293 Parisiis
1581 1259 1688 1301 (XIII
1697 1260 1802 1302 5483,
1818 1261 1868 1295 23

150 1319 243 1352 vidit
267 1317 498 1360 Hirschfeld).
548 1316 624 1352 Una
656 1319 802 1358 reperta
832 1319 918 1349 suni
946 1316 1059 1349 mulia
1089 1317 1166 1350 alia
1197 1327 1285 1350 vasa
1316 1319 1487 1360 argentea
1519 1317 1634 1349 eidem
1657 1317 1722 1350 deo
1747 1316 1868 1350 dicata

151 1375 258 1417 (XIII
269 1376 377 1419 5485,
391 1375 410 1408 4
423 1374 524 1418 seq).
541 1392 585 1397 —-
612 1373 646 1415 1)
671 1371 920 1406 Kanetonnum
944 1372 1030 1406 olim
1053 1374 1188 1407 dietum
1209 1373 1322 1414 fuisse
1346 1374 1463 1406 locum
1488 1384 1559 1416 quo
1580 1373 1709 1406 titulus
1724 1384 1799 1417 rep.
1816 1376 1870 1406 est

148 1435 244 1466 reete
273 1430 430 1472 fortasse
465 1431 619 1464 coniecit
653 1430 884 1463 Lenormant.
916 1449 962 1455 —
991 1431 1026 1472 2)
1055 1430 1175 1464 Pondo
1200 1430 1312 1464 libras
1344 1433 1417 1463 tres
1450 1432 1616 1463 trientem
1648 1431 1867 1470 (sextantem

149 1487 356 1531 significari
375 1491 517 1531 putant,
541 1487 679 1520 scilicet
699 1486 723 1518 :t
747 1488 864 1529 posito
886 1497 955 1529 pro
978 1487 1030 1526 Ξ,
1054 1489 1205 1528 propter
1226 1497 1351 1519 verum
1373 1485 1515 1528 pondus
1539 1486 1660 1530 disci).

262 1558 385 1603 4594
423 1558 593 1598 Mercuri
619 1555 625 1612 Ι
654 1557 851 1597 Channini
877 1559 883 1611 Ι
911 1587 1052 1597 .....
1056 1558 1068 1578 ¹

262 1625 362 1659 Rohr
382 1635 496 1669 prope
511 1624 770 1658 Blankenheim
794 1623 1069 1667 (Frendenberg
1083 1624 1179 1659 Ann.
1195 1623 1354 1658 Rhenan.
1370 1624 1430 1666 53,
1451 1623 1540 1658 4875
1562 1634 1598 1666 p.
1614 1623 1701 1667 475,·
1727 1623 1868 1658 Wiede-

150 1693 261 1716 mann
285 1684 333 1716 ib.
347 1683 406 1723 92,
421 1682 510 1716 4892
522 1692 560 1725 p.
573 1681 671 1725 272).
684 1699 730 1705 —
756 1682 790 1722 1)
817 1681 980 1723 Vei-ligia
995 1682 1218 1714 incertarum
1235 1681 1450 1714 litterarum.
1485 1680 1540 1713 De
1555 1680 1736 1714 Merena-io
1755 1680 1867 1714 Clzan-

151 1735 373 1779 ninef'atium
398 1740 575 1782 cogitavit
596 1740 738 1781 primus
762 1737 899 1780 editor,
924 1736 972 1778 cll
996 1737 1149 1771 Solzerer
1171 1737 1419 1780 Sitzungsber.
1437 1737 1501 1770 der
1521 1737 1618 1771 Berl.
1640 1737 1759 1771 Alcad.
1781 1737 1867 1770 4884

150 1806 187 1839 p.
202 1795 268 1829 5'77
289 1798 364 1829 not.
381 1795 399 1828 4
425 1794 551 1838 (aliter
574 1794 683 1828 Mne-Ii
706 1794 884 1828 Zeitsohr.
908 1792 975 1834 fiir
999 1794 1184 1827 deutsches
1206 1795 1360 1828 Alter-th.
1383 1794 1443 1834 55,
1467 1794 1551 1827 4894
1576 1804 1610 1835 p.
1626 1792 1724 1838 208).

264 1863 381 1910 4595
420 1866 618 1905 Mercurio
646 1864 652 1919 Ι
679 1865 851 1906 Cilubrio
878 1865 885 1916 Ι
912 1875 1081 1917 (reliqua,
1096 1876 1233 1917 partim
1249 1876 1382 1907 detrita
1395 1877 1531 1916 partim
1546 1876 1588 1906 ui
1604 1874 1746 1906 videtur
1762 1884 1867 1906 erasa

150 1933 224 1975 legi
246 1942 320 1965 non
338 1931 565 1974 potuer-unt).

267 1989 300 2022 Ε
314 1991 433 2021 monte
451 1988 701 2029 Heiligenberg
718 1988 845 2029 (prope
862 1986 1088 2030 Heidelberg)
1113 1987 1292 2019 translata
1308 1986 1671 2029 Handscliuelzslzeim‚
1694 1987 1769 2020 iam
1784 1987 1867 2019 Hei-

152 2046 299 2087 delberg
324 2044 427 2088 (XIII
448 2044 535 2077 6402
559 2043 651 2076 vidit
674 2041 972 2085 lang-meister).

268 2113 383 2159 4596
422 2117 463 2154 iu
497 2110 564 2169 [h.]
597 2115 634 2153 d.
665 2115 702 2152 d.
734 2113 808 2151 deo
835 2110 841 2166 Ι
868 2112 1064 2152 Mercurio
1091 2112 1098 2166 Ι
1126 2109 1406 2169 C[im]briano¹
1434 2115 1441 2167 Ι
1473 2113 1576 2152 aed.2
1605 2125 1696 2153 cum
1725 2110 1864 2167 silgilio

152 2190 192 2225 et
221 2183 340 2237 ariam
370 2182 506 2235 posuit
543 2180 550 2235 Ι
592 2177 870 2234 Marcellinlius
899 2178 1134 2235 Marcianuls
1164 2181 1264 2221 cor.³
1292 2180 1380 2221 coh.
1410 2180 1459 2220 IV
1490 2182 1564 2232 Aq.
1604 2179 1612 2234 Ι
1652 2193 1688 2220 v,
1719 2194 1751 2221 s.
1782 2180 1808 2222 l.
1839 2181 1864 2220 l.

151 2265 263 2300 mer„
294 2248 496 2305 Faulstino
528 2255 567 2289 et
597 2245 755 2303 Rulfino
786 2248 883 2288 cos.⁴

267 2318 491 2360 Mogontiaci
507 2315 613 2359 (XIII
626 2315 724 2356 6742,
739 2315 940 2348 Brambaclz
956 2314 1044 2349 4284
1058 2315 1164 2348 semel
1174 2315 1354 2358 descripta
1371 2325 1460 2347 saec.
1474 2314 1607 2358 XVII).
1625 2333 1670 2338 —
1689 2316 1720 2356 1)
1738 2314 1762 2347 G
1775 2324 1864 2348 ,ηιθ-

152 2375 271 2409 briano
296 2374 352 2407 vel
374 2373 585 2407 mambriano
611 2372 782 2407 traditur.
821 2371 1004 2405 Mercurio
1028 2371 1232 2406 cimbriano
1256 2371 1414 2404 dedicati
1436 2374 1523 2404 sunt
1538 2373 1647 2404 etiam
1669 2370 1769 2403 tituli
1785 2370 1865 2403 Mil-

154 2432 304 2473 tenberg
319 2441 395 2473 rep.
411 2429 501 2464 XIII
513 2431 608 2463 6604.
624 2430 721 2463 6605.
747 2428 850 2461 Hunc
873 2438 1014 2471 quoque
1036 2430 1183 2462 titulum
1206 2430 1246 2461 in
1268 2430 1416 2471 regione
1432 2429 1726 2470 Milienbergensi
1745 2438 1865 2470 reper-

152 2491 230 2521 tum
253 2498 327 2520 esse
350 2489 505 2520 coniecit
528 2486 799 2528 Zangemeister
815 2483 921 2528 (XIII
941 2485 963 2518 1.
978 2484 1025 2530 c.)
1039 2504 1082 2510 -—
1108 2486 1143 2526 2)
1160 2485 1384 2521 Aedioulam.
1401 2504 1445 2509 —-
1470 2486 1504 2527 3)
1518 2483 1802 2518 Cornicularius.
1819 2502 1864 2509 —

151 2546 189 2586 4)
216 2543 391 2578 Traditur
413 2553 501 2577 coss.
527 2542 577 2587 (a.
596 2542 690 2585 240).

267 2611 380 2658 459Ἱ
421 2614 494 2653 deo
522 2611 528 2667 Ι
554 2613 751 2652 Mercurio
779 2611 783 2665 Ι
814 2611 1027 2651 Cimiacino
1055 2610 1060 2665 Ι
1086 2624 1193 2651 aram
1214 2612 1402 2652 turariam
1428 2611 1434 2666 Ι
1461 2611 1512 2650 Μ.
1531 2611 1738 2651 Paternius
1765 2609 1771 2666 Ι
1795 2588 1863 2651 Vi:

152 2681 253 2728 talis,
285 2681 352 2733 qui
378 2680 386 2730 Ι
411 2681 546 2721 aedem
578 2680 672 2720 fecit
700 2686 738 2719 et
765 2679 771 2733 Ι
798 2679 956 2730 signum
985 2679 1129 2731 posuit,
1157 2676 1163 2734 Ι
1188 2692 1223 2718 v.
1245 2693 1276 2719 s.
1298 2679 1324 2718 l.
1345 2679 1371 2718 1.
1393 2691 1445 2718 m.
1473 2677 1478 2732 Ι
1507 2679 1679 2719 Dedicat.
1710 2678 1765 2719 111
1785 2678 1861 2718 kal.

153 2749 316 2790 Octobr.
345 2747 350 2803 Ι
379 2749 573 2789 Gentiano
604 2754 643 2788 et
671 2748 791 2788 Basso
821 2747 918 2787 cos.¹

268 2815 530 2849 Ludenhamen
552 2825 665 2858 prope
688 2813 832 2858 Eps'aoh
857 2813 1116 2857 (Abudiaeum)
1141 2812 1287 2847 Raetiae
1309 2824 1395 2856 rep„
1420 2813 1547 2846 deinde
1570 2813 1756 2855 Augustae
1774 2812 1863 2845 Vin-

154 2872 350 2905 delicorum
375 2871 449 2915 (III
467 2872 557 2906 5775
580 2872 674 2904 vidit
698 2870 914 2914 Mommsen).
940 2889 985 2895 —
1011 2871 1042 2911 1)
1066 2871 1108 2903 A.
1124 2869 1200 2903 244.

266 2938 385 2985 4598
425 2942 499 2981 deo
530 2941 727 2981 Mercurio
758 2938 949 2995 Cissolnio
982 2940 1177 2980 Dubitatia
1208 2941 1361 2980 Castula
1387 2939 1392 2994 Ι
1422 2941 1582 2979 natione
1614 2939 1724 2991 Syria
1761 2945 1861 2978 tem-

154 3007 261 3060 plum
288 3006 295 3062 Ι
321 3015 360 3048 et
388 3009 567 3061 porticus
594 3015 785 3049 vetustate
812 3007 818 3063 Ι
845 3007 1075 3048 conlabsum
1105 3007 1238 3047 denuo
1269 3008 1317 3047 de
1346 3020 1418 3047 suo
1444 3007 1452 3061 Ι
1479 3006 1662 3047 restituit.

272 3074 486 3108 Vesontione
508 3086 582 3117 rep.
607 3075 715 3118 (XIII
733 3075 827 3110 5573
854 3075 1044 3117 aliquoties
1075 3074 1252 3117 descripta
1282 3085 1373 3108 saec.
1399 3073 1531 3112 XVII).
1577 3073 1657 3106 Alii
1679 3072 1861 3106 Mercurio

222 3134 362 3169 Dzsuu,
380 3135 587 3171 Inscriptionoe
604 3136 728 3164 Latine
745 3136 785 3165 11.
1547 3131 1591 3164 14
