2092 3360
313 182 364 221 16
1062 180 1184 226 caput
1205 180 1270 216 XI.

424 296 538 343 3095
590 297 619 337 Ι.
651 309 687 337 o.
718 309 787 346 m.‚
815 293 821 351 Ι
851 296 1011 345 Iunoni,
1039 293 1046 350 Ι
1073 296 1280 349 Neptuno,
1308 294 1314 351 Ι
1342 296 1472 345 Marti,
1506 295 1548 337 L.
1571 296 1653 337 Val.
1681 294 1687 352 Ι
1714 297 1835 338 Italus
1865 294 2028 352 ορῑΙὶπιο

310 366 477 419 collegio
510 363 807 421 negotliantium
834 361 840 417 Ι
866 364 904 403 d.
935 364 972 403 d.

421 433 580 476 Aquinci
603 442 678 475 rep.
705 430 777 474 (III
802 430 837 463 S.
862 431 970 464 10450
995 431 1088 464 vidit
1110 431 1412 475 Domarzewslci).

421 623 536 670 3096
580 625 749 666 Iunonei
780 625 969 673 Quiritei¹
1000 624 1137 664 sacra²
1163 622 1168 679 Ι
1197 624 1237 664 C.
1261 624 1443 666 Falcilius
1464 626 1508 666 L.
1540 627 1565 666 f.
1598 627 1760 676 consol’
1786 625 1792 681 Ι
1820 626 2027 668 dedicavit;

308 698 367 742 (In
393 698 518 743 latere)
551 723 674 734 .....
696 694 725 733 ti
753 690 759 748 Ι
787 725 797 735 .
816 723 825 732 .
845 723 854 732 .
873 724 881 733 .
905 693 1004 733 leius
1035 693 1077 732 L.
1110 693 1135 732 f.
1168 705 1227 745 pr.

419 760 614 794 Beneventi
637 761 707 802 (IX
727 760 811 794 1547
834 763 990 793 servavit
1013 759 1045 794 V
1048 759 1217 803 erusius).
1243 779 1287 784 -
1314 760 1346 802 1)
1372 759 1426 792 De
1449 760 1584 794 Iunone
1610 760 1751 803 Quirite
1773 763 1848 795 sive
1874 761 2028 805 Currite,

305 818 364 850 cui
389 819 495 850 etiam
520 819 558 850 in
581 818 669 850 urbe
692 817 938 858 sacrificatum
963 828 1034 850 esse
1060 819 1199 850 constat
1229 828 1276 850 ea:
1300 816 1540 860 hemerologio
1566 817 1754 851 Arvalium
1786 818 1865 862 (ubi
1888 822 1940 852 est
1962 819 2026 852 sub

307 874 341 908 d.
358 873 379 906 7
398 873 471 907 Oct.
520 873 664 915 [llunoni
682 874 809 916 curriti,
835 883 915 906 cum
932 875 971 906 in
989 874 1060 906 alio
1079 874 1319 916 hemerologio
1335 874 1475 907 urbano
1492 875 1555 906 sub
1573 873 1694 907 eodem
1718 874 1775 907 die
1789 877 1838 908 sit
1852 877 2027 919 emptum

303 929 422 964 lunoni
441 929 479 970 Q.
498 930 531 964 in
549 941 682 975 campo,
707 930 753 970 cs:
772 930 855 964 CIL.
874 930 895 963 Ι
916 930 968 964 ed.
985 931 1008 964 2
1031 941 1067 974 p.
1083 931 1170 974 551)
1197 930 1242 971 cf:
1261 930 1363 971 infra
1379 931 1431 964 ad
1445 930 1489 964 Ν.
1506 930 1593 964 5111
1619 932 1654 963 et
1667 933 1858 973 praeterea
1875 932 2027 965 Preller-

306 987 440 1020 Jordan
458 987 479 1020 I
486 998 523 1030 p.
536 988 615 1022 278.
632 1007 675 1012 -—
702 989 735 1030 2)
760 987 937 1021 Similiter
953 988 1088 1030 legitur
1112 997 1206 1021 sacra
1231 989 1271 1020 in
1288 988 1372 1020 aliis
1397 987 1513 1020 titulis
1537 987 1640 1020 valde
1661 988 1832 1031 antiquis,
1857 987 1906 1029 cf.
1923 987 2026 1029 infra

304 1043 350 1077 Ν.
374 1044 474 1078 5099.
498 1044 600 1078 5188.
625 1062 669 1068 —-
692 1045 727 1086 3)
754 1044 886 1077 Consul
907 1036 1110 1078 Beneventi.

418 1134 532 1180 3097
569 1136 615 1182 Q.
634 1135 824 1177 Caecilius
846 1137 916 1176 Cn.
933 1136 976 1176 A.
995 1137 1042 1184 Q.
1059 1137 1228 1177 Flamini
1250 1136 1456 1177 leibertus¹
1489 1137 1644 1177 Iunone
1666 1137 1873 1190 Seispitei²
1888 1135 1893 1192 Ι
1911 1137 2028 1178 matri

305 1216 479 1256 regmae.

418 1270 578 1303 Lanuvii
605 1282 699 1314 rep.‚
735 1272 941 1316 epistylium
974 1282 1215 1305 marmoreum
1253 1272 1368 1313 (XIV
1381 1273 1492 1313 2090,·
1526 1270 1663 1304 Bitschl
1693 1272 1763 1304 tab.
1789 1270 1946 1316 LXIIa).
1980 1289 2028 1297 —

306 1329 339 1368 1)
365 1327 424 1361 Cn.
450 1331 485 1360 et
509 1327 595 1360 Auli
621 1327 858 1362 Caeciliorum
889 1332 924 1361 et
948 1328 987 1370 Q.
1013 1329 1190 1362 Flaminii
1213 1339 1336 1362 servus
1359 1328 1484 1368 fuerat
1508 1330 1566 1362 lu‘c
1590 1332 1672 1361 ante
1695 1329 2025 1362 manumissionem.

303 1383 413 1418 Nullo
439 1387 649 1427 cognomine
673 1385 770 1427 quod
791 1387 924 1428 utitur,
955 1385 1095 1418 indicat
1125 1386 1271 1419 titulum
1295 1387 1538 1429 antiquiorem
1561 1397 1634 1418 esse
1659 1386 1878 1428 temporibus
1903 1384 2027 1418 Sullae

302 1439 365 1481 (cll
398 1440 440 1473 de
470 1441 646 1474 libertinis
678 1444 889 1485 cognomine
921 1444 1125 1475 carentibus
1158 1442 1349 1476 Mommsen
1375 1442 1529 1477 Staatsr.
1555 1442 1612 1475 III
1636 1453 1671 1486 p.
1689 1444 1786 1482 425).
1824 1461 1867 1466 —
1906 1442 1940 1483 2)
1971 1441 2025 1474 De

302 1496 440 1529 Iunone
464 1497 597 1540 Sispiee
628 1500 718 1539 (sive
741 1499 901 1543 Sospita)
928 1499 1086 1532 Lanuvii
1111 1501 1338 1543 potissimum
1369 1497 1540 1539 culta'cf.
1569 1499 1653 1533 CIL.
1679 1498 1769 1532 XIV
1785 1509 1821 1541 p.
1841 1498 1918 1533 192.
1965 1498 2024 1531 Aa

303 1554 424 1587 aedem
449 1556 524 1587 eius
549 1555 776 1589 Lanuvinam
795 1558 975 1599 pertinuit
999 1558 1105 1588 etiam
1131 1556 1258 1588 titulus
1284 1566 1385 1598 quem
1407 1566 1520 1599 supra
1546 1556 1707 1588 dedimus
1731 1555 1776 1589 N.
1800 1555 1878 1590 516.

415 1657 530 1704 3098
575 1660 718 1701 Iunoni
750 1662 937 1714 Argeiae¹
970 1661 1010 1701 C.
1034 1661 1231 1701 Blandus²
1261 1674 1418 1714 procos.

421 1726 566 1769 Tibure,
598 1730 692 1761 basis
714 1731 757 1761 ut
779 1729 923 1762 videtur
946 1729 1104 1762 rotunda
1137 1728 1244 1772 (XIV
1252 1730 1343 1762 5556
1369 1729 1635 1771 descripserunt
1659 1729 1804 1760 ineunte
1828 1737 1921 1762 saec.
1939 1725 2029 1761 XVI

300 1783 498 1816 Accursius
522 1787 557 1816 et
577 1786 701 1827 paullo
727 1788 809 1818 ante
834 1789 962 1818 auctor
986 1787 1132 1828 ignotus
1157 1785 1303 1828 quidam
1327 1785 1390 1818 sed
1414 1785 1638 1827 accuratus).
1669 1804 1712 1809 —
1745 1787 1777 1827 1)
1803 1784 1865 1818 Sic
1888 1784 2024 1818 Accur-

300 1840 376 1872 sius
398 1842 437 1872 in
461 1841 599 1873 schedis
630 1843 867 1885 autographis
898 1843 1131 1876 bibliothecae
1155 1843 1427 1884 Ambrosianae,
1459 1853 1572 1885 neque
1596 1842 1704 1875 aliter
1731 1841 1875 1874 videtur
1899 1841 2026 1883 legisse

300 1898 448 1938 ignotus
471 1897 532 1929 ille
557 1899 695 1940 auctor,
720 1900 822 1931 cuius
846 1900 1111 1942 autographum
1137 1909 1209 1931 non
1236 1901 1391 1930 tenemus
1415 1898 1565 1941 (Argiae,
1591 1898 1748 1942 Argeiae‚
1774 1897 1943 1941 Argeivae
1967 1908 2023 1931 re-

300 1951 427 1992 ferunt
451 1955 515 1996 qui
537 1954 684 1986 schedas
715 1955 791 1987 eius
815 1955 1086 1996 adhibuerunt).
1134 1955 1248 1988 Aram
1271 1955 1373 1987 illam
1400 1956 1587 1997 probabile
1610 1958 1662 1988 est
1684 1954 1798 1994 fuisse
1820 1955 2025 1988 restitutam

302 2012 442 2042 tantum
466 2021 487 2042 a
511 2010 669 2051 Blando,
700 2013 856 2053 positam
881 2014 1000 2045 autem
1023 2011 1138 2052 fuisse
1168 2014 1211 2043 ut
1234 2014 1318 2043 tunc
1338 2012 1520 2053 putabant
1547 2013 1590 2044 ab
1618 2011 1768 2044 Hercule
1791 2010 1933 2053 Argivo
1957 2008 2023 2052 (cf.

299 2066 404 2106 inl'ra
427 2066 471 2100 N.
495 2068 600 2110 5405)
636 2078 715 2100 cum
744 2067 854 2101 Tibur
878 2069 1048 2110 venisset,
1079 2068 1246 2100 similiter
1275 2071 1317 2100 ut
1341 2068 1509 2100 Hercules
1540 2070 1625 2100 tunc
1655 2069 1813 2110 posuisse
1836 2067 2026 2100 dicebatur

302 2133 406 2156 aram
431 2124 523 2156 Iovis
545 2123 682 2164 Tibure,
709 2135 815 2166 quam
839 2125 933 2158 idem
949 2125 1111 2158 Blandus
1135 2123 1385 2167 restituit*(cf.
1410 2123 1511 2164 infra
1536 2123 1681 2158 Ν.5401
1708 2134 1788 2157 cum
1812 2122 2024 2168 adnotatis).

301 2180 387 2212 Inde
405 2182 440 2212 et
455 2189 648 2222 cognomen
665 2181 823 2222 Argivae
840 2181 1045 2224 explicatur
1062 2184 1096 2213 et
1112 2182 1276 2214 vocabuli
1292 2180 1413 2220 forma
1430 2184 1638 2213 vetustatem
1654 2180 1838 2214 simulans.
1857 2198 1898 2204 —
1917 2179 1952 2222 2)
1969 2179 2024 2213 De

300 2235 442 2269 Blando
467 2235 516 2276 cf.
540 2247 650 2279 supra
675 2235 719 2270 N.
739 2238 801 2271 196
825 2240 859 2269 et
882 2236 984 2276 infra
1010 2236 1054 2270 N.
1072 2237 1170 2270 5401.
1220 2237 1321 2268 Hanc
1346 2247 1449 2269 aram
1472 2237 1616 2269 videtur
1643 2237 1802 2280 posuisse
1832 2235 2020 2278 aliquanto

300 2296 379 2334 post
404 2303 504 2325 aram
522 2294 617 2326 Iovis
640 2292 686 2326 N.
702 2294 801 2334 5401,
825 2294 960 2326 scilicet
984 2292 1105 2332 factus
1128 2294 1202 2325 iam
1223 2293 1424 2334 proconsul
1446 2292 1582 2335 (nescio
1608 2294 1710 2325 cuius
1732 2293 1973 2335 provinciae).

415 2395 528 2441 3099
587 2398 741 2437 Iunone
768 2395 774 2451 Ι
802 2398 977 2438 Loucina
1005 2395 1011 2452 Ι
1038 2397 1280 2437 Tuscolana¹
1311 2395 1316 2449 Ι
1343 2397 1486 2436 sacra².

413 2475 551 2521 30992
585 2507 595 2517 .
615 2508 623 2518 .
642 2507 651 2517 .
670 2478 730 2517 ole
758 2475 763 2532 Ι
794 2474 1060 2533 [Tusc]olana¹
1088 2475 1093 2531 Ι
1121 2489 1243 2516 sacra.

415 2545 529 2587 Prope
561 2545 718 2588 Capuam
749 2556 840 2587 rep„
873 2546 945 2578 iam
976 2543 1130 2588 Neapoli
1161 2544 1198 2584 (I
1223 2543 1351 2588 120011.
1389 2543 1425 2577 X
1444 2540 1568 2588 3807l8
1596 2552 1631 2585 p.
1655 2541 1729 2576 976.
1777 2540 1915 2575 Bitsclzl
1943 2544 2018 2578 tab.

301 2599 451 2633 XXXVI
457 2601 489 2634 d.
503 2601 550 2644 e).
577 2620 619 2625 -—
648 2603 679 2643 1)
706 2602 858 2636 Videtur
881 2600 1103 2643 significari,
1128 2611 1234 2633 sacra
1259 2600 1359 2640 facta
1386 2611 1432 2633 esc
1455 2601 1622 2632 instituto
1651 2597 1946 2633 Tusculanorum.
1972 2618 2017 2625 —

304 2657 337 2694 2)
364 2655 463 2689 Sacra
491 2667 513 2689 a
537 2668 672 2690 summo
698 2658 865 2690 deorsum
889 2659 1063 2700 scriptum
1087 2669 1108 2690 a
1128 2658 1256 2690 dea-tra
1281 2657 1441 2699 reliquae
1465 2656 1720 2698 inscriptionis.

414 2758 529 2804 3100
574 2760 739 2800 lunonei
767 2758 773 2815 Ι
800 2761 990 2801 Loucina.

414 2827 475 2860 Ad
501 2827 649 2870 paludes
679 2828 884 2871 Pomptinas
914 2838 1010 2871 rep.,
1040 2829 1113 2861 iam
1143 2827 1314 2871 Neapoli,
1346 2825 1486 2859 lamella
1517 2835 1628 2858 aenea
1660 2823 1713 2868 (X
1736 2825 1832 2858 6484.
1882 2823 2017 2858 Rt'tsclzl

302 2884 370 2915 aab.
397 2884 434 2916 11
445 2884 495 2927 a).

414 2974 527 3020 3101
573 2976 743 3018 Iunone¹
775 2978 963 3018 Loucinai
991 2975 997 3034 Ι
1028 2978 1199 3027 Diovis²;
1235 2976 1389 3018 castud¹
1420 2973 1602 3015 facitud³.

417 3042 559 3086 Romae,
585 3044 725 3078 lamella
750 3056 870 3086 aenea,
892 3057 981 3088 pars
1003 3049 1104 3079 extat
1127 3046 1311 3079 Bononiae
1337 3043 1410 3088 (VI
1429 3043 1518 3084 557,·
1540 3045 1680 3085 partem
1705 3043 1932 3084 superstitem
1956 3041 2014 3074 de-
2090 3079 2092 3082 Α

298 3099 449 3133 lineavit
464 3099 599 3134 Bitsclil
610 3103 752 3145 priscae
770 3102 847 3137 Lat.
865 3112 957 3136 mon.
975 3113 1027 3146 ep.
1045 3113 1164 3138 enarr.
1180 3113 1214 3145 p.
1229 3103 1273 3135 98
1286 3118 1330 3131 =
1343 3111 1461 3145 opusc.
1476 3101 1495 3132 4
1510 3110 1544 3143 p.
1557 3098 1654 3142 728).
1692 3098 1735 3132 In
1756 3100 1863 3142 parte
1887 3108 2014 3132 aversa
2086 3103 2092 3134 ,ἰ
