2092 3360
246 172 299 210 30
998 169 1119 218 Caput
1143 142 1208 206 xi.

246 288 390 321 titulum
413 288 587 330 scriptum
608 288 715 328 putat
738 286 834 318 inter
859 295 977 318 annos
1000 286 1146 319 circiter
1168 285 1339 320 460-440
1356 288 1437 318 ante
1456 284 1593 318 Chr.—
1620 282 1656 329 2)
1680 283 1841 318 Minatus
1861 294 1968 328 praee

248 354 377 377 nomen
397 346 588 387 praeterea
612 343 793 384 reperitur
816 342 869 375 IX
883 341 979 376 4440.
995 343 1087 377 2809
1112 345 1145 375 et
1169 345 1208 375 in
1231 343 1336 376 titulo
1352 342 1513 384 Deliaco,
1537 342 1580 375 de
1604 352 1673 385 quo
1697 342 1779 376 vide
1801 342 1909 377 nom
1932 343 1971 375 et

249 401 350 445 apud
366 401 538 435 Velleium
551 402 586 443 2,
599 400 652 443 46,
686 402 719 442 3)
747 400 855 433 Ocius
877 410 1096 443 praenomen
1119 400 1173 434 IX
1185 401 1264 435 438.
1289 399 1379 434 XIV
1384 401 1491 435 5502.
1509 399 1642 441 4422,4
1661 401 1697 432 et
1711 399 1810 442 apud
1822 398 1968 432 Livium

246 461 280 502 9,
298 460 328 492 7.
344 460 400 493 26.
430 458 482 500 40,
500 458 559 492 58.
588 475 632 481 --
669 458 704 498 4)
728 456 866 489 Liberti
890 459 1101 499 cognomine
1125 458 1341 489 abstinentes
1363 458 1429 489 vix
1451 457 1684 499 reperiuntur
1703 458 1786 499 post
1808 458 1969 500 tempora

247 515 372 550 Sullae
404 513 470 554 (cs'.
494 524 607 556 supra
629 513 674 547 N.
696 514 785 548 3097
807 517 883 548 not.
901 514 951 556 4).
982 533 1027 539 -
1061 516 1096 557 5)
1128 513 1308 556 Magistri,
1340 515 1477 548 scilicet
1507 513 1653 556 collegii
1680 512 1903 547 Mercurium
1931 514 1968 545 et

244 572 382 606 Maiam
406 571 553 604 colentis
577 570 729 615 (Graece
744 572 864 613 igitur
881 569 918 607 οἱ
936 565 1189 618 Ἑρμαισταί),
1213 574 1452 604 mercatorum
1467 572 1544 604 sine
1561 570 1681 604 dubio.
1715 570 1821 603 Alius
1838 569 1968 602 similis
2042 578 2046 579 ⁷

247 630 372 663 titulus
394 627 563 661 Deliacus
589 630 640 660 est
662 627 721 660 m
741 627 778 661 s.
791 628 888 662 7217.
914 646 959 652 -
986 629 1019 670 6)
1044 627 1108 661 sic
1131 625 1258 669 (Mire)
1282 629 1390 660 etiam
1413 626 1692 662 N.5188.3489.
1714 645 1761 652 -
1785 628 1820 670 7)
1837 620 1971 672 Ἑρμεῖ

244 688 415 730 scriplum
440 686 550 718 etiam
576 685 633 718 III
653 684 690 718 S.
713 684 811 718 7247.

359 779 473 826 3207
522 779 642 831 Niger
672 778 762 819 Sitti
794 775 853 833 [P.
884 775 989 834 ser.]‚
1023 775 1030 831 Ι
1067 778 1217 818 Salvius
1247 777 1337 817 Arri
1376 777 1423 825 Q.
1453 790 1544 827 ser„
1577 775 1584 831 Ι
1620 778 1659 818 Ρ.
1693 777 1832 818 Sittius
1862 777 1906 817 P.
1938 776 1964 816 1.

247 846 471 903 Suner0s‚'{
497 849 673 888 Albanus
703 847 854 888 Numisi
885 847 929 887 L.
963 860 1039 887 ser.
1068 844 1074 901 Ι
1101 848 1222 887 Merc-
1247 846 1370 887 Maiae
1401 859 1515 896 sacr..
1547 844 1554 899 Ι
1588 858 1636 886 ex
1665 845 1702 886 d.
1733 846 1785 894 d.‚
1814 846 1925 886 iussu
1956 842 1964 901 Ι

247 918 299 958 Μ.
330 917 453 958 Lucci
482 912 670 971 Libella[e
698 915 743 956 ΙΙ
748 918 812 956 vir
840 918 868 956 i.
890 913 942 971 d.vl
970 914 977 970 Ι
1005 945 1014 955 .
1037 945 1048 956 .
1065 923 1226 969 ceptum
1243 945 1253 955 .
1272 945 1282 956 .

363 984 406 1017 In
431 994 519 1026 agro
543 983 760 1026 Pompeiano
784 994 857 1026 rep.
884 981 1047 1026 (Notizie
1069 982 1157 1016 4895
1178 993 1214 1026 p.
1238 981 1336 1026 245).
1383 982 1561 1025 Pompeiis
1583 981 1763 1015 Mercurio
1791 983 1827 1015 et
1847 979 1968 1014 Maiae

249 1053 271 1075 α
297 1041 448 1084 collegio
479 1040 634 1084 quodam
665 1040 910 1074 libertinorem
935 1042 970 1073 et
991 1050 1176 1073 servorum
1207 1051 1253 1072 em
1277 1039 1419 1072 decreto
1449 1038 1683 1071 decurionum
1711 1039 1813 1071 iussu
1842 1037 1968 1071 duum-

247 1100 411 1132 virorum
444 1108 550 1131 sacra
581 1096 664 1138 fieri
694 1097 800 1130 solita
831 1108 903 1130 esse
934 1099 1044 1130 etiam
1075 1097 1142 1130 alii
1171 1096 1272 1130 tituli
1295 1095 1502 1137 declarant;
1533 1107 1579 1129 ex
1608 1095 1736 1128 iisdem
1767 1094 1967 1137 colligitur,

245 1155 461 1200 procedente
493 1158 648 1197 tempore
672 1154 853 1187 Mercurio
885 1157 921 1187 et
944 1154 1064 1188 Maiae
1093 1153 1304 1187 adiunctum
1333 1164 1406 1186 esse
1428 1154 1643 1195 Augustum.
1688 1152 1891 1187 Nonnullos
1920 1161 1968 1187 θῶ·

248 1213 304 1245 his
326 1212 579 1245 ministrorum
603 1211 778 1244 Mercurii
799 1210 921 1244 Maiae
943 1212 1132 1254 Augustae
1154 1210 1271 1244 titulis
1293 1211 1520 1254 Pompeianis
1544 1210 1707 1243 dabimus
1737 1208 1839 1250 infra
1870 1212 1969 1244 inter

248 1269 373 1302 titulos
395 1269 641 1312 municipales.

361 1360 477 1408 3208
524 1361 723 1402 Mercurio
754 1363 932 1414 Augusto
970 1361 976 1414 Ι
1011 1368 1050 1401 et
1080 1361 1201 1401 Maiae
1231 1363 1429 1414 Augustae
1456 1359 1461 1414 Ι
1496 1373 1654 1401 sacrum
1684 1373 1733 1401 ex
1760 1366 1852 1400 voto
1878 1357 1885 1415 Ι
1913 1358 1965 1399 Μ.

248 1431 476 1471 Herennius
507 1431 557 1470 M.
579 1430 606 1470 l.
629 1429 805 1470 Albanus
831 1427 837 1483 Ι
865 1430 1002 1470 aedem
1034 1437 1074 1470 et
1102 1430 1214 1483 signa
1244 1430 1322 1470 duo
1354 1442 1445 1470 cum
1471 1428 1476 1483 Ι
1504 1429 1676 1481 imagine
1697 1429 1756 1469 Ti.
1773 1423 1964 1480 Augusti!

249 1498 286 1538 d.
317 1511 348 1539 s.
379 1511 419 1551 p.
451 1498 535 1538 solo
566 1498 725 1551 publico
762 1498 867 1538 fecit.

364 1565 547 1608 Lugduni,
585 1576 671 1598 arae
705 1568 779 1598 tres
814 1565 942 1598 iisdem
981 1566 1097 1598 verbis
1131 1567 1327 1608 inscriptae
1364 1564 1470 1608 (XIII
1490 1565 1573 1599 4769
1607 1564 1700 1597 vidit
1730 1561 1966 1607 Hirschfeld).

361 1656 475 1703 3209
520 1659 560 1699 in
582 1659 647 1698 ho.
669 1659 707 1698 d.
729 1659 766 1698 d.
794 1658 799 1714 Ι
827 1659 1023 1700 Mercurio
1051 1656 1058 1713 Ι
1084 1664 1122 1699 et
1143 1659 1281 1698 Maiiae
1302 1654 1520 1708 calducium
1542 1664 1581 1698 et
1607 1655 1612 1712 Ι
1639 1669 1746 1698 aram
1769 1653 1965 1707 Mascllius

249 1727 359 1767 Satto
387 1726 392 1781 Ι
422 1723 578 1782 [f]aber
607 1740 655 1767 ex
682 1724 819 1785 v01[t]0
848 1740 884 1768 V.
915 1741 947 1768 s.
978 1728 1004 1767 l.
1035 1728 1061 1767 l.
1089 1725 1095 1782 Ι
1121 1740 1174 1767 m.

364 1792 574 1827 Kreuznacli
599 1794 820 1834 (Brambacli
844 1806 879 1829 n.
897 1794 961 1830 724
987 1794 1109 1838 vidit).

362 1874 477 1921 3210
524 1876 648 1917 Maiae
674 1874 681 1931 Ι
708 1890 742 1917 ν.
772 1878 823 1917 V.¹
855 1890 885 1918 s.
917 1877 943 1917 l.
974 1889 1073 1917 mer.
1100 1876 1106 1928 Ι
1135 1876 1175 1917 C.
1207 1877 1337 1917 Attius
1366 1876 1531 1916 Atticus.

369 1943 558 1984 Grenoble,
594 1944 716 1976 tabula
746 1947 788 1976 ut
816 1944 959 1977 videtur
986 1955 1093 1978 aerea
1124 1943 1256 1986 (Revue
1287 1945 1387 1978 areli.
1410 1945 1468 1986 29,
1492 1944 1577 1977 4896
1600 1954 1639 1987 p.
1662 1943 1731 1977 595
1759 1953 1795 1978 n.
1818 1942 1892 1986 84).
1919 1960 1966 1967 -
2015 1923 2019 1926 -

253 2001 283 2041 1)
305 1999 496 2033 Fortasse:
519 2003 561 2032 ut
582 2003 730 2033 voverat
752 2000 938 2045 (Cognat).

363 2080 476 2126 3211
526 2083 622 2122 deae
647 2083 654 2137 Ι
682 2082 819 2123 Maiiae
854 2082 861 2136 Ι
896 2084 1031 2123 aedem
1071 2095 1092 2122 a
1131 2083 1215 2123 solo
1246 2080 1352 2130 felcit
1382 2082 1427 2122 G.
1459 2082 1597 2122 Arrius
1626 2079 1840 2133 Paltruitus
1867 2080 1924 2120 bf.
1957 2078 1966 2128 Ι

251 2150 346 2189 cos.¹
377 2147 382 2201 Ι
411 2161 443 2188 ν.
475 2163 505 2189 s.
537 2150 562 2189 l.
595 2150 619 2192 l.
647 2163 700 2190 m.

372 2215 625 2249 Get-mersheim
656 2228 729 2260 rep.
761 2217 868 2260 (XIII
885 2220 972 2252 6095
1003 2219 1095 2251 vidit
1125 2217 1422 2261 Zangemeister).
1454 2235 1499 2241 —
1537 2218 1569 2260 1)
1591 2215 1852 2256 Beneficiarius
1884 2223 1966 2248 con—

251 2273 396 2306 sularis.

363 2475 481 2522 3212
529 2479 699 2531 Apoline
725 2477 731 2532 Ι
757 2478 801 2518 L.
834 2478 1002 2519 Carnius
1033 2479 1073 2519 C.
1105 2480 1131 2518 f.

367 2546 546 2587 Panormi,
570 2544 725 2584 fortasse
749 2546 927 2579 Halaesae
950 2557 1024 2588 rep.
1050 2544 1101 2588 (X
1119 2546 1208 2580 7265
1233 2546 1325 2579 vidit
1347 2545 1570 2590 Mommsen).

364 2633 479 2680 3213
528 2637 693 2677 Maxima
725 2637 837 2677 Nasia
869 2637 939 2677 Cn.
972 2638 997 2677 f.
1029 2638 1198 2690 Apoline
1228 2638 1305 2678 dat.

367 2703 409 2735 In
432 2704 560 2736 Piceno
584 2714 658 2746 rep.
684 2704 760 2737 loco
786 2703 880 2736 dicto
905 2703 1132 2748 Morrovalle,
1157 2705 1250 2748 lapis
1271 2702 1439 2744 foramen
1462 2703 1603 2744 liabens,
1623 2711 1692 2744 per
1707 2701 1804 2745 quod
1824 2703 1965 2736 nummi

252 2760 292 2792 in
328 2760 510 2793 vasculum
545 2770 766 2794 cameramve
796 2762 1017 2804 suppositam
1047 2761 1321 2794 demitterentur
1354 2759 1423 2801 (IX
1442 2759 1534 2793 5805
1563 2758 1756 2792 Mommsen
1786 2759 1880 2791 vidit
1907 2768 1962 2792 ec·

252 2815 408 2859 typum).

363 2895 478 2942 3214
527 2896 567 2937 C.
598 2897 783 2938 Hinoleio
815 2898 857 2939 C.
888 2898 914 2938 l.
935 2898 948 2953 Ι
975 2898 1158 2951 Apolone
1193 2897 1298 2938 dono
1329 2897 1417 2936 ded.

369 2964 411 2995 In
435 2973 526 3006 agro
553 2964 682 2997 Caleno
706 2976 793 3008 rep„
817 2967 890 2998 iam
912 2964 1083 3009 Neapoli,
1109 2964 1265 2998 cistellae
1286 2962 1395 3004 fictili
1418 2961 1589 3007 (fortasse
1613 2963 1777 3007 acerrae)
1801 2962 1885 2997 stilo
1909 2965 1964 2997 in-

253 3021 427 3063 scriptum
453 3018 503 3059 (X
515 3021 624 3062 4652,·
649 3020 784 3055 ΗίιεσΙιί
806 3023 947 3064 priscae
972 3022 1049 3056 Lat.
1066 3023 1181 3065 epigr.
1197 3020 1312 3064 suppl.
1329 3019 1383 3053 111
1397 3035 1443 3050 ==
1458 3030 1575 3064 opusc.
1591 3021 1613 3053 4
1637 3020 1706 3054 tab.
1722 3019 1830 3055 XVII
1849 3019 1912 3062 fig.
1930 3020 1964 3054 A

251 3074 299 3116 cf.
321 3087 357 3120 p.
375 3076 475 3120 520).
