2092 3360
591 167 706 205 Tituli
731 168 829 206 aseri
851 171 889 206 et
912 170 1156 207 sacerdotum.
1173 190 1219 196 —
1243 170 1362 207 Genii.
1476 211 1478 213 ,
1770 173 1824 212 85

226 283 400 317 Honeomr
424 282 497 316 Ain
518 281 618 323 Tarl'
632 284 714 317 esch
739 283 872 326 seduna,
895 285 959 317 ubi
980 284 1056 324 fuit
1078 286 1316 329 municipium
1341 287 1452 329 Apisa
1475 289 1595 319 maius
1615 288 1828 330 provinciae

109 325 276 379 Africae,
307 341 382 373 iam
410 338 541 373 Punete
571 339 685 380 (Vm
705 341 767 374 774
799 339 846 381 cll
874 352 912 385 p.
936 342 1023 376 4260
1055 343 1221 376 viderunt
1253 343 1459 378 Wilmanns
1488 345 1525 377 et
1553 342 1750 389 Schmidt).
1782 363 1825 369 —

114 394 149 441 1)
179 395 399 440 Anaglyplta
430 397 585 430 laterum
614 397 665 431 ad
693 395 860 437 fulminis
888 401 1151 433 nuntiationem
1188 401 1228 433 in
1259 400 1427 434 ineundis
1455 402 1730 444 magistratibus
1757 401 1826 434 sol-

110 452 259 486 lemnem
282 451 399 493 refert
422 452 624 486 Mommsen.

223 531 338 578 3659
385 546 433 574 ex
467 531 668 588 imperio!
705 534 804 576 Geni
847 536 1037 577 Alotiani¹
1074 535 1080 592 Ι
1119 537 1322 579 Euaristus
1357 535 1537 592 serviltor
1573 539 1738 580 deorum
1779 552 1827 580 ex

110 600 204 651 vilso
234 601 301 644 lib.
334 615 397 642 an.

226 667 381 712 Neapoli
396 670 494 711 olim,
518 679 616 703 nunc
630 669 842 704 Florentiae
860 671 909 715 (X
923 672 1008 707 1560
1024 672 1117 706 vidit
1134 673 1305 716 Henzen).
1321 691 1367 697 -—
1393 674 1424 714 1)
1448 673 1620 706 Fortasse
1637 675 1681 707 ab
1698 674 1827 708 Haloto

111 726 268 769 quodam
292 737 420 759 nomen
445 726 602 759 ductum.

222 805 339 852 366⁰
392 808 518 848 Genio
549 809 677 849 domi¹
709 806 717 864 Ι
750 821 843 849 suae
879 806 886 862 Ι
923 809 1013 850 Sex.
1045 810 1302 865 Pompolnius
1333 807 1591 867 Cae-cillianus
1620 818 1710 860 vet„
1746 809 1752 866 Ι
1779 824 1827 851 ex

110 881 235 923 strat„
262 875 268 931 Ι
295 889 402 916 aram
435 874 631 930 resllituit.

223 942 414 976 Lambaesi
444 943 550 987 (VIII
571 944 662 977 2597
692 943 784 976 vidit
809 943 1040 989 Wilmanns).
1077 965 1119 970 —
1158 948 1191 985 1)
1218 945 1330 979 Genio
1362 946 1488 979 domus
1515 957 1659 980 sacrum
1683 946 1828 980 titulum

109 997 333 1039 Africanum
358 1001 463 1032 habes
486 1010 597 1044 supra
621 999 672 1035 Ne
683 1000 779 1041 1091,
804 1000 917 1033 alium
944 1001 1034 1036 VIII
1050 1001 1088 1036 S.
1099 1003 1210 1036 21605
1228 1003 1377 1046 =Eplz.
1395 1014 1450 1046 ep.
1466 1003 1623 1046 5‚4055‚·
1647 1003 1695 1044 cll
1720 1006 1828 1037 etiam

111 1067 222 1099 supra
247 1055 291 1090 N.
309 1058 400 1091 3374
425 1067 455 1091 υ.
473 1058 505 1090 6.

221 1136 335 1182 3661
377 1138 502 1178 Genio
529 1135 536 1192 Ι
563 1138 714 1177 macelli
741 1136 747 1191 Ι
774 1137 929 1178 Flavius
955 1139 962 1188 Ι
991 1139 1150 1179 Urbicio
1178 1137 1184 1194 Ι
1211 1153 1258 1180 cx
1289 1148 1379 1180 voto
1405 1143 1411 1191 Ι
1438 1142 1571 1193 posuit
1595 1144 1603 1194 Ι
1628 1153 1797 1181 sacrum.

223 1204 266 1237 131
268 1214 408 1238 acm-ae
430 1205 618 1247 Augustae
641 1205 697 1245 (11
717 1205 810 1239 2415
831 1206 939 1238 semel
962 1206 1171 1248 descripta).

223 1283 338 1330 3662
377 1295 556 1338 (Iuppiter
584 1296 718 1330 sedens.
764 1297 800 1330 A
824 1297 952 1330 dextra
978 1300 1055 1330 eius
1079 1298 1240 1332 Minerva
1271 1310 1373 1332 versa
1405 1300 1454 1332 ad
1475 1301 1757 1332 marmor-arium
1788 1301 1828 1332 in

109 1352 300 1395 scalpendo
326 1355 443 1395 capite
459 1351 647 1386 columnae
663 1358 875 1397 occupatum
883 1365 899 1395 ;
923 1356 1030 1387 ina-ta
1046 1356 1199 1398 grandis
1215 1357 1382 1388 machina
1397 1366 1467 1399 qua
1482 1352 1646 1388 columna
1659 1357 1827 1399 erigitur.

109 1409 144 1442 A
158 1410 309 1443 sinistra
328 1409 424 1442 Iovis
439 1409 583 1452 Diana5
606 1410 734 1443 deinde
756 1410 880 1454 figura
904 1412 1029 1444 habitu
1051 1414 1095 1444 ut
1115 1412 1260 1445 videtur
1281 1413 1461 1452 muliebri,
1485 1422 1596 1445 manu
1619 1413 1687 1446 sin.
1714 1422 1828 1445 cornu

110 1468 234 1510 copiae
258 1470 388 1508 tenens,
419 1467 535 1499 libans
558 1467 608 1500 ad
630 1477 754 1508 aram;
779 1471 960 1510 postremo
986 1471 1114 1511 ingens
1135 1481 1291 1513 serpens,
1319 1470 1431 1502 crista
1456 1470 1637 1511 barbaque
1660 1469 1829 1511 insignis.

110 1528 230 1572 Supra
254 1539 335 1561 eum
350 1530 547 1572 serpentem
571 1531 606 1562 et
627 1533 739 1572 caput
751 1530 897 1573 figurae
919 1531 1021 1564 illius
1043 1533 1198 1565 incisum
1215 1532 1283 1577 est)
1318 1526 1467 1568 Genius
1507 1523 1670 1583 [thebni
1682 1527 1706 1567 ¹.
1769 1532 1829 1571 (In

110 1599 275 1641 margine
304 1596 481 1638 inferiore
504 1596 665 1642 tabulae)
706 1594 900 1635 Lucceius
937 1595 1153 1636 Peculiaris
1190 1596 1419 1658 redemptor
1457 1591 1702 1651 prosc[a]eni
1738 1593 1744 1647 Ι
1780 1608 1828 1635 ex

110 1662 196 1703 biso
221 1667 306 1713 (sic)
337 1661 442 1702 fecit.

226 1728 387 1771 Capuae„
410 1728 532 1762 tabula
555 1738 759 1763 marmorea
782 1730 923 1773 sculpta
955 1729 1006 1773 (X
1025 1731 1117 1765 3821
1144 1731 1236 1765 vidit
1258 1731 1463 1765 Mommsen.
1511 1731 1709 1773 Imaginem
1733 1730 1831 1763 dedit

110 1784 154 1819 A.
172 1783 210 1819 S.
229 1784 439 1818 Mazochius
467 1786 508 1818 in
539 1786 656 1819 mutil.
682 1785 856 1829 Campani
879 1787 1138 1831 amphitheatri
1168 1788 1276 1831 titul„
1305 1792 1340 1821 et
1369 1800 1416 1821 eoe
1445 1788 1512 1821 lwc
1542 1787 1663 1821 Mittin
1689 1786 1830 1820 Galerie
1860 1781 1869 1790 ¹

38 1837 39 1842 ¹
110 1842 223 1886 myth.
240 1843 310 1876 tab.
323 1841 511 1876 XXXVIII
524 1841 587 1885 fig.
601 1842 680 1883 459,
704 1843 870 1887 ala‘ique).
888 1863 932 1868 —
959 1846 992 1887 1)
1008 1845 1182 1878 Dubitari
1194 1848 1323 1889 potest,
1347 1848 1471 1877 utrum
1488 1845 1555 1877 lzoc
1571 1843 1620 1877 ad
1632 1847 1828 1886 serpentem

109 1899 294 1940 pertineat
319 1897 377 1942 (ut
391 1900 456 1932 sub
482 1900 558 1932 eius
582 1900 741 1942 imagine
760 1900 891 1933 Genius
914 1904 1203 1943 repraesentatus
1218 1905 1282 1943 sit)
1307 1912 1355 1933 an
1372 1901 1421 1933 ad
1434 1900 1593 1942 figuram
1617 1900 1828 1940 adstantem,

112 1964 232 1998 quam,
259 1965 339 1988 eum
356 1955 543 1989 muliebris
561 1967 633 1989 esse
648 1958 827 1998 videatur,
850 1957 1056 1991 Fortunam
1073 1969 1147 1990 esse
1159 1960 1340 2001 putarunt
1353 1957 1521 1990 nonnulli
1540 1957 1647 2000 (Iahn
1665 1956 1830 1989 Berichte

112 2011 177 2044 der
202 2012 318 2045 siit-lu.
343 2012 419 2047 Ges.
441 2013 476 2046 d.
498 2012 552 2046 W.
570 2013 652 2047 1861
670 2024 705 2056 p.
717 2012 812 2057 5024).
855 2014 927 2056 Qui
947 2016 1100 2048 saeculis
1120 2016 1306 2058 prioribus
1329 2014 1488 2047 tabulam
1514 2013 1681 2046 viderunt
1702 2012 1830 2046 Mabil-

113 2070 232 2103 Ionius
255 2071 291 2101 et
312 2068 531 2114 Mazochius,
559 2070 606 2102 iis
628 2069 751 2111 figura
775 2070 840 2102 illa
865 2072 1023 2103 mascula
1046 2074 1124 2104 visa
1148 2074 1209 2105 est.

226 2148 341 2195 3663
395 2162 469 2202 pro
499 2150 625 2190 salute
659 2149 666 2206 Ι
700 2151 953 2192 dominorum
982 2150 990 2205 Ι
1016 2153 1143 2192 Genio
1172 2153 1407 2193 horreorum
1441 2150 1447 2205 Ι
1479 2153 1719 2193 Saturninus
1749 2157 1788 2189 et
1820 2153 1827 2206 Ι

113 2220 331 2261 Successus
355 2217 362 2270 Ι
389 2218 565 2258 horreari
593 2215 600 2272 Ι
626 2219 775 2259 donum
797 2218 1007 2269 dederunt,
1035 2219 1041 2274 Ι
1068 2220 1233 2261 Caesare
1254 2220 1494 2274 Vespasiano
1511 2220 1558 2259 Vl
1587 2216 1593 2273 Ι
1619 2219 1709 2259 Tito
1731 2217 1827 2258 Cae-

113 2300 202 2328 sare
232 2288 327 2340 imp.
358 2286 430 2326 1111
458 2283 464 2341 Ι
492 2287 589 2330 cos.¹

228 2353 361 2387 Romae
386 2353 455 2397 (VI
476 2354 549 2388 255
572 2353 665 2387 vidit
688 2353 860 2395 Henzen).
883 2372 930 2380 —
965 2357 997 2395 1)
1021 2355 1064 2388 A.
1088 2354 1142 2388 75.

226 2433 341 2480 3664
393 2435 520 2476 Genio
553 2436 786 2475 horreorum
821 2435 828 2489 Ι
856 2436 1152 2476 Leonianorum
1184 2444 1223 2476 et
1255 2435 1262 2490 Ι
1289 2436 1450 2476 Herculi
1481 2435 1662 2476 salutari¹
1691 2432 1698 2489 Ι
1729 2433 1828 2479 Luci

115 2505 250 2546 Scanti
280 2504 443 2545 Gemelli
470 2503 477 2559 Ι
505 2504 687 2544 Musaeus
715 2503 896 2550 libertus.

228 2571 361 2606 Romae
385 2570 455 2614 (VI
476 2572 545 2606 237
569 2571 726 2604 servavit
751 2571 975 2612 Aceursius).
999 2590 1045 2595 —
1077 2573 1107 2611 1)
1133 2569 1186 2611 Cr.
1210 2570 1255 2605 N.
1272 2572 1372 2606 3445.

227 2650 341 2696 3665
381 2652 508 2692 Genio
534 2651 541 2707 Ι
568 2652 748 2691 horreor.
776 2652 906 2692 Seian.
933 2650 940 2706 Ι
967 2652 1010 2692 L.
1035 2652 1216 2693 Volusius
1240 2639 1470 2704 Acindynus
1499 2651 1554 2704 p.¹
1582 2649 1589 2705 Ι
1614 2658 1653 2691 et
1682 2651 1727 2690 L.
1749 2649 1826 2689 Vo-

43 2730 45 2732 ’
115 2719 242 2761 lusius
271 2719 503 2772 Acindynus
534 2719 589 2768 f.²‚
617 2717 624 2775 Ι
650 2719 815 2772 signum'
840 2719 1047 2772 Aesculapi
1073 2716 1080 2774 Ι
1107 2731 1176 2760 sua
1207 2733 1246 2773 p.
1277 2720 1314 2759 d.
1345 2719 1384 2759 d.

232 2784 363 2819 Romae
386 2786 459 2826 (VI
477 2786 551 2820 258
571 2787 717 2826 saepius
741 2786 920 2828 descripta
944 2795 1036 2820 saec.
1059 2785 1154 2821 XVI.
1179 2785 1309 2830 XVII).
1333 2804 1380 2812 -
1406 2787 1438 2827 1)
1464 2788 1580 2827 Pater,
1611 2787 1646 2824 2)
1670 2784 1781 2825 filius.

228 2864 344 2911 8⁶6ss
383 2868 508 2906 Genio
530 2868 675 2907 Larum
698 2868 704 2919 Ι
726 2868 860 2907 horrei
878 2867 1045 2919 Pupiani
1069 2873 1073 2923 Ι
1096 2867 1140 2907 L.
1159 2867 1344 2920 Lepidius
1360 2866 1561 2915 Politicus,
1588 2863 1595 2920 Ι
1621 2865 1662 2905 C.
1680 2864 1828 2918 Pupius

42 2965 60 2970 ,,
117 2933 271 2975 Blastus
296 2933 303 2988 Ι
331 2930 398 2991 [d.]
429 2935 468 2974 d.

230 3001 392 3034 Arimini
423 3001 493 3045 (XI
510 2975 580 3036 337
602 3001 697 3036 vidit
719 3002 906 3036 Bor-mann
935 2999 1111 3046 fractam,
1141 3012 1234 3046 quae
1251 3002 1443 3046 perierunt
1470 3000 1649 3044 supplevit
1672 3009 1719 3033 ea.-
1742 3009 1827 3043 apo-

115 3057 258 3099 grapho
280 3055 381 3097 sacto
403 3068 496 3093 saec.
521 3057 615 3103 XV).
