2092 3360
515 157 632 196 'rituli
655 158 752 196 socri
776 160 815 195 et
836 158 1080 210 sacerdotum.
1105 178 1149 184 —
1175 158 1296 195 Ceres.
1330 157 1452 195 Liber.
1796 159 1849 196 47

225 267 366 319 ’8858
391 303 402 315 .
415 303 425 314 .
443 304 453 314 .
474 273 664 316 Kalandio
686 286 760 328 pro
780 285 851 315 sua
872 273 998 315 salute
1014 273 1163 315 donum
1183 279 1189 327 Ι
1207 277 1376 322 (vestigia
1390 278 1544 313 duorum
1554 279 1688 323 pedum
1700 281 1853 325 eit-eum-

139 345 225 380 data
249 356 272 379 a
294 346 474 391 serpente)
500 343 508 394 Ι
536 338 709 399 [Hibero
739 340 1034 382 Kalliniciano¹.

255 407 388 442 Romae
419 408 491 450 (VI
509 410 577 444 468
609 409 703 443 vidie
727 408 898 450 Henzen).
933 427 978 434 -
1020 409 1052 451 1)
1073 408 1260 452 Agnomen
1284 410 1361 452 hoc,
1389 412 1432 443 ut
1455 410 1563 444 etiam
1586 408 1710 443 Liberi
1734 410 1854 454 patrie

139 465 326 499 Proeliaemi
350 463 396 500 Ν.
421 466 521 508 4950,
545 466 692 499 ductum
717 466 760 499 ab
785 476 826 499 eo
851 466 915 509 qui
934 466 1077 508 primus
1099 465 1268 499 sacellum
1291 467 1454 500 instituit
1477 465 1542 510 (cll
1567 467 1613 502 Ν.
1628 465 1756 511 5235).

252 576 371 624 3359
429 579 574 621 Libero
603 578 608 634 Ι
635 580 835 621 Panthe0¹
863 578 868 634 Ι
896 592 997 621 sacr.

253 647 435 680 Pontinas
452 645 523 687 (IX
534 646 638 698 5445ο
648 647 761 681 deser.
776 647 973 680 Accursius
997 646 1161 690 aliique).
1177 665 1222 672 —
1251 648 1284 690 1)
1308 646 1450 692 Signum
1467 648 1597 683 Liberis
1610 649 1695 691 (sie)
1710 647 1853 682 Panthei

137 705 359 736 memoratur
381 701 475 738 XIV
488 703 589 737 2863.

253 813 375 860 3360
433 817 508 858 deo
537 825 676 860 sancto
707 817 862 859 numini
898 815 904 870 Ι
935 817 1011 858 deo
1041 829 1186 870 magno
1216 817 1361 859 Libero
1387 816 1395 872 Ι
1426 819 1528 872 patri
1559 826 1599 860 et
1627 819 1814 860 adstatori
1847 817 1852 875 Ι

139 890 179 924 et
208 884 482 926 conserbatori
513 886 551 926 h.
582 886 622 926 l.¹
655 885 744 927 coll.
773 887 780 936 Ι
805 885 1103 926 Velabrensium
1131 884 1137 940 Ι
1165 885 1358 926 Domitius
1387 886 1596 928 Secundus
1626 895 1747 930 curat.
1777 888 1783 943 Ι
1816 895 1856 928 et

140 952 382 994 instaurator
411 954 564 995 fratrib.
595 954 720 995 suis.²

254 1019 388 1054 Romae
411 1023 451 1053 in
477 1020 631 1055 Velabro
661 1030 736 1063 rep.
765 1019 838 1061 (VJ
855 1021 939 1061 467,-
975 1019 1074 1054 Gaui
1095 1019 1241 1054 Notizie
1273 1021 1372 1064 degli
1403 1023 1502 1055 soavi
1524 1022 1613 1056 4892
1635 1033 1670 1066 p.
1688 1022 1786 1067 545).
1810 1041 1855 1047 —

142 1077 174 1119 1)
200 1076 316 1110 Huius
340 1077 421 1111 loci.
444 1095 491 1102 —
515 1077 549 1120 2)
572 1076 726 1110 Fratres
749 1077 919 1110 videntur
943 1076 1032 1110 dicte·
1055 1088 1129 1110 esse
1148 1088 1217 1120 pro
1242 1077 1400 1121 colleg-is.

255 1188 373 1235 3361
433 1203 507 1244 pro
537 1191 702 1232 salutem
735 1198 775 1232 et
803 1191 988 1232 victorias
1014 1190 1020 1246 Ι
1047 1191 1111 1232 dd.
1145 1205 1213 1232 nn.
1240 1192 1248 1245 Ι
1274 1193 1397 1246 impp.
1429 1192 1563 1233 Severi
1593 1200 1632 1234 et
1661 1192 1855 1233 Antonini

141 1259 266 1312 Augg.
293 1257 300 1313 Ι
332 1264 372 1299 et
402 1258 523 1300 Iuliae
554 1262 654 1312 Aug.
686 1259 802 1299 matri
832 1260 959 1313 Augg.
991 1260 1153 1313 totiusq.
1180 1259 1187 1316 Ι
1222 1260 1362 1301 domus
1391 1261 1547 1301 divinae
1578 1273 1730 1310 eorum,
1766 1260 1773 1310 Ι
1808 1273 1856 1301 ex

140 1338 334 1368 concessu
364 1327 406 1367 in
428 1327 598 1380 praediis
627 1327 710 1368 suis
739 1328 954 1368 sacrarium
982 1327 988 1383 Ι
1014 1328 1076 1368 dei
1097 1328 1231 1386 Liberj
1262 1341 1352 1369 cum
1377 1329 1551 1370 aedicula
1581 1335 1621 1369 et
1649 1326 1857 1384 columinis

140 1394 221 1435 suis
251 1394 438 1447 inpendis
467 1391 851 1451 marmora[r]un[t]¹
879 1393 885 1450 Ι
912 1403 951 1437 et
980 1409 1112 1437 aream
1143 1403 1183 1437 et
1212 1397 1385 1437 ortulum
1416 1410 1536 1450 super
1556 1394 1757 1452 Nymlphis
1787 1397 1855 1448 qui

141 1462 253 1503 locus
282 1463 505 1516 appellatur
533 1463 747 1517 Memphi²‚
775 1461 781 1517 Ι
807 1463 958 1505 donum
988 1464 1185 1505 dederunt
1214 1466 1374 1518 spirae.³

255 1539 387 1574 Romae
420 1541 492 1585 (VI
511 1542 572 1576 464
596 1542 715 1584 semel,
745 1543 807 1575 sed
828 1546 1011 1586 accurate,
1042 1543 1219 1586 descripta
1248 1554 1339 1577 saec.
1363 1543 1512 1588 XVIII).
1548 1562 1594 1569 —
1632 1544 1664 1582 1)
1687 1552 1854 1577 marmora

142 1607 232 1631 nnnc
257 1597 429 1632 traditur.
453 1616 500 1623 —
523 1600 558 1641 2)
580 1598 717 1632 Locum
742 1602 805 1642 qui
827 1600 1033 1644 appellatur
1056 1599 1222 1644 Memphi,
1246 1602 1454 1644 suspicatur
1477 1599 1616 1633 Marini
1638 1601 1726 1633 Arv.
1739 1610 1776 1642 p.
1788 1600 1858 1633 628

141 1655 182 1687 in
196 1656 408 1688 memoriam
424 1656 568 1689 itineris
586 1666 655 1699 per·
670 1657 876 1701 Aegyptum
892 1655 986 1696 facti
1009 1667 1032 1689 a
1056 1656 1186 1691 Severo
1210 1659 1438 1690 nominatum
1453 1667 1526 1690 esse
1532 1669 1546 1698 ,·
1569 1655 1616 1696 es:
1634 1659 1695 1690 vit.
1711 1656 1789 1691 Sev.
1805 1656 1863 1690 47.-

141 1729 185 1736 -
210 1710 324 1754 3).οᾖ
348 1710 395 1747 Ν.
409 1712 512 1747 5270.
535 1713 637 1747 3367.
658 1713 818 1758 3569170.

256 1822 377 1870 3362
415 1839 563 1879 corpus
591 1825 800 1883 fullonium
831 1828 899 1880 qui
929 1828 970 1868 in
1003 1825 1236 1882 aedifilcium
1266 1830 1526 1870 contulerunt
1556 1833 1772 1876 (sequuntur
1795 1843 1858 1865 no-

142 1895 240 1927 mina
265 1897 541 1937 corporatorum
564 1896 699 1937 viginti
722 1895 804 1928 duo.
839 1895 980 1928 Deinde
1003 1895 1142 1938 sculpta
1166 1895 1330 1928 aedicula
1355 1906 1434 1929 eum
1450 1897 1610 1938 imagine
1625 1895 1770 1937 Bacchi,
1794 1896 1860 1938 qui

142 1966 254 1989 manu
288 1956 420 1990 deoetra
455 1956 599 1990 videtur
633 1959 788 1990 termine
823 1957 1065 1999 cantharum)
1105 1952 1250 1992 Libero
1287 1954 1385 2005 Aug.
1425 1965 1502 1994 sac.
1546 1952 1551 2007 Ι
1591 1954 1630 1994 in
1672 1953 1856 1993 columna

144 2020 298 2072 corpo.¹
324 2018 332 2068 Ι
358 2019 447 2060 Sex.
471 2019 622 2060 Nonius
644 2018 850 2075 luvenallis
882 2020 1044 2060 nomine
1074 2033 1105 2059 s.
1136 2027 1176 2060 et
1203 2020 1257 2060 fil.
1278 2033 1385 2061 suor.
1413 2021 1420 2074 Ι
1445 2021 1549 2061 Noni
1580 2027 1621 2061 et
1649 2021 1760 2071 Luci,
1790 2020 1856 2060 Li-

144 2087 286 2127 berum
317 2084 522 2142 funldente
550 2087 646 2127 vinu
676 2101 716 2141 p.
747 2101 780 2128 s.
811 2088 855 2128 f.⁸
882 2087 1028 2139 idemq.
1059 2088 1096 2127 d.

237 2153 397 2187 Mae-lori
412 2156 451 2186 in
468 2152 614 2196 Africa,
638 2154 804 2188 columna
829 2154 939 2195 (BulI.
965 2154 1013 2187 du
1039 2153 1168 2187 comite
1189 2154 1249 2188 des
1273 2159 1433 2189 travano:
1445 2156 1527 2189 lu’st.
1542 2155 1632 2190 4895
1653 2166 1690 2199 p.
1706 2155 1799 2199 ⁴24).
1813 2174 1857 2180 -

146 2211 179 2252 1)
205 2210 485 2254 Corporatorum
500 2210 566 2255 (Γ).
591 2229 635 2235 -
661 2212 695 2253 2)
718 2210 943 2244 Fundentem
968 2212 1094 2244 vinum
1115 2215 1269 2255 pecunia
1293 2223 1359 2246 sua
1383 2212 1483 2252 fecit.

255 2322 379 2370 3363
438 2325 590 2366 Tunius
616 2322 623 2378 Ι
649 2325 806 2367 Zoticus
836 2323 957 2381 Vllvir
986 2328 1086 2378 Aug.
1117 2326 1166 2366 ad
1192 2325 1199 2382 Ι
1225 2326 1412 2368 Liberum
1444 2333 1594 2380 patrem
1632 2326 1638 2382 Ι
1673 2340 1762 2368 cum
1793 2339 1858 2367 re-

145 2392 332 2434 dimiculo
359 2392 365 2447 Ι
392 2393 476 2433 auri
499 2393 571 2433 111¹
602 2399 642 2433 et
670 2394 806 2447 thyrso
832 2392 839 2449 Ι
867 2401 906 2435 et
935 2401 1098 2436 cantaro
1127 2407 1208 2448 arg.
1240 2408 1279 2448 p.
1310 2395 1399 2436 118²
1430 2392 1435 2448 Ι
1461 2401 1696 2436 testamento
1723 2394 1729 2450 Ι
1757 2425 1767 2434 .
1791 2425 1800 2434 .
1818 2425 1827 2435 .
1846 2425 1856 2434 .

258 2471 420 2504 Arimini
444 2469 515 2513 (XI
533 2472 604 2506 538
626 2471 734 2504 semel
755 2471 933 2516 descripta
957 2484 1048 2507 saec.
1072 2473 1168 2516 XV).
1197 2492 1243 2500 -
1281 2475 1314 2516 1)
1337 2474 1430 2507 Ante
1452 2471 1493 2506 111
1517 2473 1661 2506 videtur
1683 2473 1859 2506 excidisse

145 2526 389 2571 scripulorum
411 2528 566 2570 signum.
590 2546 636 2554 —-
661 2530 696 2570 2)
719 2528 876 2571 Argenti
894 2530 1018 2572 pondo
1040 2530 1123 2575 2¹l2.

259 2638 382 2685 3364
440 2641 583 2681 Libero
612 2642 715 2694 patri
741 2640 748 2695 Ι
775 2653 931 2682 sacrum
958 2641 965 2695 Ι
991 2642 1035 2683 Τ.
1059 2642 1104 2682 Τ.
1135 2642 1254 2683 Flavii
1284 2639 1546 2697 Eclelctianus
1576 2648 1616 2682 et
1646 2640 1857 2698 Olymlpia·

145 2721 222 2749 nus
252 2708 305 2749 fil.
337 2709 434 2758 eius,
462 2707 468 2764 Ι
495 2709 720 2750 sacerdotes
747 2706 752 2762 Ι
780 2709 1076 2762 orgiophantae.

258 2775 415 2809 Puteolis
441 2774 490 2815 (X
513 2775 602 2810 1583
625 2786 717 2811 saec.
742 2776 829 2810 XVI
850 2777 902 2810 bis
928 2779 970 2809 ut
993 2776 1135 2810 videtur
1159 2776 1366 2820 descripta).

257 2863 374 2911 3365
435 2866 579 2907 Libero
611 2868 714 2921 patri
745 2851 913 2924 salerum
944 2868 1180 2908 XXannale¹
1216 2866 1223 2920 Ι
1258 2867 1303 2907 Τ.
1333 2867 1363 2907 F
1368 2867 1391 2907 i.
1420 2867 1639 2920 Eglectiani
1670 2865 1856 2921 sacerd.,{

147 2933 278 2977 Aurei.
312 2935 413 2986 Aug.
444 2934 510 2975 lib.
541 2935 668 2977 Draco
695 2935 701 2990 Ι
730 2942 922 2989 parastata
954 2935 1209 2976 consacravit.

270 2999 441 3044 Neapoli,
471 3001 628 3036 Puteolis
658 3005 701 3035 ut
730 3003 875 3037 videtur
902 3003 1057 3037 oriunda
1089 3001 1144 3043 (Χ
1166 3002 1252 3035 4584
1284 3001 1374 3035 vidit
1403 3001 1629 3043 Mommsen).
1658 3021 1701 3027 —
1740 3002 1772 3045 1)
1799 3002 1853 3037 Vn·-

147 3057 304 3092 connata.
