2092 3360
215 165 299 203 420
935 167 1056 212 Caput
1078 166 1180 202 XIII.

330 279 443 325 5759
493 280 544 320 Μ.
566 280 700 320 Volcio
731 280 782 320 M.
814 281 841 320 f.
869 280 874 335 Ι
903 280 1065 329 Sabino,
1096 287 1145 320 tr.
1177 281 1274 330 mih,
1308 279 1313 334 Ι
1350 281 1455 332 quod
1485 292 1625 332 aquam
1656 280 1792 320 Iuliam
1818 281 1827 331 Ι
1852 292 1924 332 pe-

216 349 337 400 qunia
368 360 437 388 sua
469 347 639 395 adduxit,
667 344 673 401 Ι
700 347 865 388 Rufrani
895 349 1036 390 vicani.

329 415 546 448 Presenzani
576 412 730 456 (Rufris,
756 413 804 454 cf.
828 425 940 457 supra
964 415 1010 449 N.
1031 415 1092 460 80)
1117 416 1157 448 in
1184 415 1379 458 Campania
1405 413 1455 460 (X
1474 415 1567 449 4855
1589 414 1684 447 vidit
1706 412 1925 458 Mommsen).

328 493 464 539 5759ει
513 496 608 548 imp.
642 495 749 535 Caes.
781 496 857 535 divi
889 497 1022 536 Severi
1056 496 1063 546 Ι
1099 509 1226 549 nepos
1260 497 1335 536 divi
1367 497 1499 549 Magni
1529 495 1722 537 Antonini
1754 495 1805 538 fil.
1831 493 1839 550 Ι
1871 495 1924 536 Μ.

215 563 347 603 Aurei.
380 563 548 603 Severus
578 562 595 605 ,Ι
610 561 627 605 ,Ι
642 561 658 605 ,Ι
673 562 689 605 ,Ι
704 562 721 605 ,Ι
737 562 753 605 ,Ι
769 562 785 606 ,Ι
801 563 819 606 .Ι
830 566 841 586 ¹
882 564 887 619 Ι
931 566 1024 606 Pius
1053 565 1162 606 Felix
1192 565 1305 618 Aug„
1337 565 1479 617 pontif.
1511 577 1628 613 max..
1663 562 1670 618 Ι
1704 563 1798 604 trib.
1830 569 1926 617 pot..

214 645 250 684 p,
276 644 329 684 p..
362 644 457 680 cos.‚
487 644 627 684 aquam
656 631 661 687 Ι
690 633 826 674 usibus
855 634 937 674 mil.
970 634 1058 674 coh.
1080 633 1111 672 V
1143 633 1267 674 Gallo.
1298 630 1479 688 inlduxit‚
1511 639 1676 674 curante
1708 632 1830 672 Mario
1851 632 1927 671 Va-

216 699 394 739 leriano2
420 698 426 755 Ι
452 700 528 752 leg.
561 701 645 741 eius
677 713 739 754 pr.
771 714 832 754 pr.

335 767 450 801 8οηιή
474 767 614 801 Slzz'elds
651 768 875 809 (Haverfield
896 768 1198 812 Archaeological
1214 768 1372 813 Journal
1395 768 1484 804 4895
1505 769 1621 811 p.294
1653 778 1732 801 cum
1757 767 1856 812 tab).
1882 787 1925 792 —

218 825 250 865 1)
273 823 430 856 Erasum
454 835 584 858 nomen
608 825 824 860 Alemandri.
846 845 893 850 ——
926 827 958 868 2)
987 826 1081 858 Idem
1105 836 1216 868 supra
1241 825 1287 860 Ν.
1304 825 1403 860 2619.

328 903 443 949 5760
491 918 555 946 res
584 906 742 959 publica
777 905 782 961 Ι
819 907 1030 960 populusq.
1063 904 1333 962 Corfinilensis
1362 908 1530 947 formam
1565 919 1688 958 aquae
1722 904 1729 961 Ι
1763 907 1924 947 ductus¹

214 978 405 1014 vetustate
431 972 437 1028 Ι
465 981 691 1027 corruptam
721 976 760 1016 d.
791 976 828 1015 d.
860 975 1010 1016 refecit.

331 1040 599 1084 Castelveeeliio,
624 1044 687 1075 ubi
708 1041 785 1082 luit
808 1042 1077 1085 Superaequum
1101 1043 1357 1085 Paelignorum
1382 1041 1449 1086 (IX
1462 1042 1558 1077 5508
1579 1041 1674 1075 vidit
1696 1040 1867 1085 Dressel).
1882 1060 1929 1066 —

218 1099 249 1139 1)
266 1098 430 1140 Apparet
445 1099 708 1140 aquaeductum
724 1098 976 1140 Corfiniensem
991 1110 1057 1142 per
1073 1109 1203 1142 agrum
1222 1101 1379 1132 vicinum
1398 1099 1716 1142 Superaequanum
1732 1099 1929 1132 transiisse.

331 1178 441 1224 5761
493 1181 533 1220 in
564 1181 759 1221 honorem
790 1182 932 1222 domus
958 1181 964 1236 Ι
992 1183 1189 1233 Augustae
1214 1181 1220 1235 Ι
1248 1182 1407 1221 Dusmia
1439 1182 1490 1221 M.
1521 1183 1547 1220 f.
1579 1181 1793 1231 Numisilla‚
1820 1179 1828 1235 Ι
1855 1193 1928 1220 no-

216 1248 323 1289 mine
361 1261 434 1289 suo
474 1255 513 1289 et
551 1249 596 1289 L.
628 1249 747 1289 Trebi
779 1249 952 1290 Secundi
993 1247 1000 1304 Ι
1039 1249 1110 1289 viri
1147 1250 1230 1298 sui,
1276 1262 1438 1301 aquam,
1485 1262 1586 1302 quae
1620 1262 1642 1289 a
1674 1249 1716 1292 C.
1747 1250 1883 1290 Asinio
1921 1252 1929 1300 Ι

216 1316 350 1357 Gallo¹
383 1318 571 1369 perducta
603 1317 870 1367 interciderat,
898 1315 904 1373 Ι
931 1318 1135 1370 repetitam
1167 1331 1188 1358 a
1219 1319 1359 1370 capite,
1394 1319 1546 1358 adiecta
1576 1321 1777 1359 structura
1803 1317 1810 1371 Ι
1835 1331 1929 1371 spe-

217 1396 288 1425 cus
319 1391 358 1425 et
388 1391 600 1437 puteorum
633 1385 743 1426 novis
773 1386 954 1427 bracchis
981 1384 987 1441 Ι
1014 1385 1257 1438 ampliatam,
1293 1399 1324 1426 s.
1357 1399 1395 1438 p.
1429 1386 1597 1426 reduxit.

336 1450 441 1484 Teate
464 1452 757 1485 Marrucinorum
783 1452 853 1496 (IX
863 1454 955 1488 3018
977 1453 1068 1486 vidit
1083 1453 1254 1495 Dressel).
1279 1472 1325 1477 —
1351 1455 1383 1494 1)
1409 1452 1463 1493 Cf.
1487 1463 1599 1496 supra
1616 1451 1661 1486 N.
1676 1453 1766 1486 5050
1781 1455 1856 1486 not.
1871 1452 1928 1486 75.

331 1530 445 1577 5762
491 1533 538 1573 L.
561 1533 736 1574 Vennius
767 1531 973 1591 Sabi[n]us
1011 1547 1102 1575 cum
1133 1534 1140 1589 Ι
1175 1534 1345 1575 Efficace
1374 1535 1428 1574 fil.
1459 1535 1613 1574 fontem
1644 1540 1685 1573 et
1714 1531 1721 1586 Ι
1753 1546 1928 1585 concep-

217 1606 301 1640 tum
331 1612 455 1652 aquae
485 1602 566 1641 suis
592 1598 599 1656 Ι
625 1602 805 1643 terminis
842 1616 930 1655 usq.
962 1604 1008 1644 ad
1038 1603 1161 1657 kaput
1195 1602 1201 1657 Ι
1236 1605 1386 1643 formae
1416 1602 1599 1655 publicae
1625 1602 1631 1654 Ι
1659 1601 1929 1643 Tifernatihus

221 1668 417 1708 Tiberinis
444 1666 451 1724 Ι
477 1669 514 1709 d.
547 1669 584 1709 d.

331 1736 445 1774 Prone
473 1734 661 1774 Tifernum
682 1737 888 1771 Tiberinum
913 1737 1028 1778 (Gilia
1043 1739 1081 1772 di
1098 1739 1267 1783 Castello)
1293 1749 1368 1780 rep.
1394 1737 1464 1778 (XI
1482 1739 1572 1771 3942
1597 1737 1690 1770 vidit
1712 1737 1927 1782 Bor-mann).

333 1815 449 1861 5763
501 1849 510 1858 .
533 1848 543 1858 .
568 1849 577 1859 .
601 1849 610 1858 .
634 1817 789 1875 [aquam
813 1817 900 1877 per]
933 1851 942 1860 .
965 1850 974 1860 .
998 1851 1007 1861 .
1035 1819 1041 1873 Ι
1075 1833 1190 1872 agros
1221 1820 1437 1872 quaesitam
1468 1821 1516 1859 ab
1549 1816 1791 1877 o[r]=[9i]n[e]
1817 1817 1824 1875 Ι
1857 1831 1928 1860 sua

217 1885 447 1937 perductam
479 1886 671 1927 dedicavit
700 1893 739 1927 et
771 1887 779 1941 Ι
813 1888 923 1929 lacus
953 1894 993 1928 et
1021 1888 1170 1929 fistulas
1201 1894 1241 1928 et
1270 1887 1442 1928 arculam
1477 1885 1482 1942 Ι
1517 1900 1681 1928 aeneam
1717 1900 1788 1928 sua
1818 1888 1929 1928 omni

216 1953 310 1992 fecit
337 1953 506 2005 impens.

334 2021 523 2054 castulone
546 2032 633 2064 rep„
657 2025 709 2054 est
734 2021 918 2056 Granatae
950 2023 1004 2063 (Il
1024 2024 1118 2058 5280
1141 2022 1234 2055 vidie
1258 2022 1452 2067 Huebner).

332 2112 446 2158 5764
495 2116 623 2155 Annia
645 2115 688 2155 L.
711 2116 738 2157 f.
761 2115 961 2156 Victorina
991 2113 1065 2173 [ob]
1091 2115 1098 2171 Ι
1125 2117 1355 2156 memoriam
1377 2116 1427 2156 M.
1448 2116 1557 2156 Fulvi
1578 2114 1782 2171 Molderati
1801 2115 1927 2156 mariti

220 2186 260 2221 et
280 2181 331 2221 M.
354 2181 463 2222 Fulvi
490 2180 495 2236 Ι
522 2182 712 2223 Victorini
739 2184 765 2223 f.
788 2197 927 2236 aquam
950 2197 1020 2225 sua
1042 2181 1164 2240 omlni
1194 2184 1362 2237 inpensa
1392 2184 1609 2237 perduxsit,
1641 2181 1764 2239 facitis
1792 2183 1927 2237 ponti-

220 2249 296 2290 bus
327 2256 367 2289 et
396 2250 536 2290 fistulis
566 2257 605 2291 et
635 2250 639 2304 Ι
663 2252 806 2292 lacuis¹
842 2265 932 2293 cum
964 2254 1046 2294 suis
1077 2250 1338 2309 ornalmentis
1368 2253 1459 2293 dato
1491 2253 1608 2306 epulo
1635 2250 1642 2308 Ι
1668 2251 1869 2293 dedicavit.

337 2317 567 2350 Santisteban
598 2318 656 2351 del
679 2319 810 2351 Ριιονίο
843 2322 970 2363 (prope
1003 2319 1256 2364 Castulonem),
1293 2322 1353 2353 cui
1384 2321 1460 2354 loeo
1489 2330 1616 2353 nomen
1644 2319 1787 2353 videtur·
1814 2316 1929 2356 fuisse

219 2373 325 2416 Ilugo
358 2373 413 2417 (II
432 2374 524 2408 5240
559 2373 608 2414 ef.
634 2375 776 2408 Boletin
800 2376 844 2409 de
867 2377 902 2409 la
926 2376 968 2411 R.
984 2377 1180 2410 Academia
1210 2377 1254 2410 de
1277 2376 1313 2409 la
1337 2377 1490 2410 historia
1513 2378 1571 2418 58,
1595 2376 1677 2410 4901
1697 2386 1736 2419 p.
1752 2374 1816 2408 467
1838 2373 1928 2407 Feta

219 2430 313 2463 vidit
335 2430 531 2475 ectypum).
554 2451 600 2455 —
626 2433 657 2474 1)
683 2431 744 2465 Sic
767 2431 947 2474 (LAGV1S)
970 2433 1070 2467 Fica.

335 2521 447 2567 5765
496 2524 541 2563 Τ.
563 2524 717 2565 Flavius
747 2525 922 2566 lustinus
952 2526 1058 2576 IIvir‚
1099 2538 1136 2578 q.
1167 2527 1232 2576 a.¹‚
1272 2538 1394 2579 super
1420 2524 1489 2566 {IS
1519 2513 1656 2565 ὶῖ-ΧΪῨ
1693 2522 1700 2579 Ι
1743 2535 1844 2575 quae
1874 2523 1926 2563 ob

221 2590 318 2630 hon.
341 2592 629 2644 quinquennal.
652 2593 873 2645 praesentia
894 2594 1055 2647 pollicit.
1083 2592 1091 2647 Ι
1117 2595 1174 2635 rei
1205 2607 1242 2647 p.
1274 2594 1419 2643 intulit,
1450 2594 1578 2634 lacum
1609 2605 1631 2632 a
1661 2591 1926 2632 fundamentis

224 2660 394 2710 pecunia
425 2673 494 2700 sua
526 2661 629 2708 fecit,
657 2663 663 2712 Ι
690 2667 848 2714 sumptu
881 2675 954 2702 suo
985 2674 1125 2714 aquam
1157 2662 1324 2703 induxit.

340 2724 450 2758 Tum·
467 2726 591 2769 (Porto
613 2727 755 2770 Tor-res)
772 2730 812 2761 in
830 2728 1003 2762 Sardinia
1019 2740 1106 2772 rep„
1130 2732 1183 2762 est
1199 2729 1344 2762 Sat-rari
1368 2728 1416 2769 (Χ
1429 2727 1515 2762 7954
1538 2726 1629 2760 vidit
1643 2725 1864 2770 Mommsen).
1881 2745 1929 2752 —-

225 2781 258 2821 1)
285 2780 461 2822 Quaestor
485 2784 737 2818 alimentorum
762 2785 966 2827 (Memmia).

337 2861 449 2907 5766
498 2864 681 2906 Lucretia
720 2867 770 2906 M.
801 2868 827 2906 f.
863 2866 867 2922 Ι
905 2867 1050 2907 Sabina
1084 2866 1090 2922 Ι
1126 2867 1174 2907 ad
1211 2878 1352 2918 aquam
1392 2863 1636 2918 perducend.
1671 2861 1678 2918 Ι
1719 2864 1925 2904 dominae¹

221 2930 371 2970 fistulas
399 2929 405 2984 Ι
430 2944 462 2971 s.
493 2944 531 2984 p.
563 2934 590 2972 Γ.

340 2996 451 3030 Treae
474 3001 512 3031 in
536 3001 663 3033 Piceno
688 2999 758 3045 (IX
775 3001 866 3035 3652
891 3000 983 3034 vidit
1005 3000 1197 3034 Mommsen
1218 3009 1329 3043 paene
1353 2998 1562 3043 integram).
1588 3018 1632 3023 —
1666 3000 1697 3040 1)
1723 2998 1780 3031 Ad
1802 2998 1925 3069 aedem

223 3052 329 3085 Isidis
359 3054 495 3087 aliusve
518 3055 604 3089 deae
628 3055 804 3099 (Momms.
807 3061 838 3098 ).
