2092 3360
582 193 696 229 Tituli
719 193 971 240 munictpales.
995 213 1040 220 —
1063 192 1143 228 Lex
1168 192 1400 229 Ursonensis.
1760 189 1843 229 509

135 308 200 350 HS
232 306 306 350 133
347 309 477 349 colon.
504 308 510 363 Ι
538 309 622 350 eius
660 309 791 350 colon.
822 309 860 349 d.
890 309 959 349 d.⁶⁹
990 316 1088 356 esto,
1134 309 1298 362 eiusque
1330 307 1522 361 pecuniae
1553 307 1685 348 colon.
1718 307 1802 347 eius
1839 302 1846 359 Ι

134 376 269 420 colon.
302 378 364 418 cui
396 378 498 418 volet
528 378 666 430 petitio
697 385 794 418 esto.

251 445 417 486 xcvln.
477 446 777 498 Quamcumque
806 446 1070 487 munitionem
1100 446 1336 487 decuriones
1365 441 1549 500 huiuslce
1579 443 1758 484 coloniae
1779 442 1848 484 de-

136 514 353 563 creverint,
385 516 416 555 si
448 527 501 555 m.
533 512 623 568 p.¹⁴³
652 515 914 555 decurionum
943 517 950 566 Ι
984 515 1165 563 atsuerit,
1206 527 1295 555 cum
1327 527 1362 554 e.
1394 512 1458 553 r.⁴⁸
1487 513 1731 559 consuletur,
1763 523 1848 552 eam

136 583 401 623 munitionem
429 588 435 637 Ι
462 583 547 623 fieri
578 583 708 630 liceto,
739 584 831 623 dum
861 596 911 624 ne
933 584 1102 637 amplius
1133 584 1174 623 in
1204 595 1332 623 annos
1363 582 1465 634 sing.
1496 580 1638 636 inique
1668 580 1851 621 homines

136 651 317 703 singulos
361 651 534 704 puberes
580 664 721 705 operas
765 652 906 704 quinas
951 659 989 692 et
1030 650 1035 705 Ι
1076 652 1116 692 in
1162 648 1361 706 (iumenta
1400 648 1715 703 plaustraria>¹⁴⁴
1761 649 1851 701 iuga

137 719 239 772 sing.
272 732 412 773 operas
442 718 594 775 terlnas
624 721 854 761 decernant.
914 720 1039 773 Eique
1071 720 1285 760 munitioni
1315 719 1400 759 aed.
1423 718 1594 771 quitum
1623 716 1628 773 Ι
1655 724 1774 758 erunt
1803 729 1850 758 ex

137 788 175 827 d.
197 787 266 828 d.⁴⁴
287 795 517 842 praesunto.
577 788 641 830 Uti
661 789 867 829 decurion.
898 787 1161 843 censuflerint‚
1190 789 1243 828 ita
1263 788 1524 828 muniendum
1547 793 1727 834 curante,
1758 786 1850 826 dum

139 868 191 896 ne
221 854 362 913 inflvito
393 857 478 898 eius
508 869 630 911 opera
660 858 852 910 exigatur,
892 857 960 909 qui
999 858 1132 897 minor
1161 869 1302 899 annor.
1333 855 1443 896 Xllll
1482 854 1487 909 Ι
1529 862 1596 895 aut
1626 854 1751 894 maior
1779 866 1851 894 an-

140 937 230 965 nor.
251 925 319 966 LX
351 932 468 966 natus
498 926 587 966 erit.
647 926 724 973 Qui
755 926 796 966 in
828 937 872 966 ea
902 925 1030 969 colon.
1076 923 1082 980 Ι
1123 926 1277 965 intrave
1316 925 1400 965 eius
1437 924 1568 964 colon.
1600 923 1690 964 finis
1725 922 1850 962 domi-

138 993 274 1033 cilium
313 992 579 1050 praedilumve
615 994 776 1035 habebit
815 1006 947 1046 neque
986 994 1070 1034 eius
1108 994 1241 1034 colon.
1283 991 1468 1034 colon.¹⁴⁵
1506 993 1599 1039 erit,
1638 991 1671 1032 is
1710 987 1852 1045 eifldem

142 1062 353 1103 munitioni
386 1064 442 1103 uti
473 1063 605 1103 colon.
636 1059 875 1116 parento¹⁴⁶.

253 1130 440 1172 xcvnll.
500 1131 611 1178 Quae
641 1143 766 1183 aquae
796 1130 978 1183 publicae
1014 1129 1055 1170 in
1088 1130 1236 1183 oppido
1269 1130 1398 1170 colon.
1432 1130 1531 1169 Gen.
1554 1127 1570 1183 ΙΙ
1592 1129 1852 1174 adducentur,

138 1187 249 1248 sivit,
281 1199 349 1252 qui
378 1206 462 1239 tum
494 1205 624 1247 erunt,
656 1199 703 1238 ad
735 1199 985 1247 decuriones,
1020 1197 1026 1250 Ι
1061 1211 1151 1239 cum
1183 1198 1283 1238 duae
1314 1205 1447 1252 partes
1477 1197 1659 1245 aderunt,
1689 1197 1851 1243 referto,

140 1278 215 1319 per
244 1279 344 1319 quos
374 1280 490 1320 agros
524 1265 530 1322 Ι
565 1279 706 1319 aquam
738 1267 884 1307 ducere
914 1267 1041 1307 liceat.
1102 1266 1188 1314 Qua
1219 1264 1401 1320 p[ar]s¹⁴⁷
1431 1266 1558 1306 maior
1587 1264 1806 1312 decurion.,
1840 1261 1847 1318 Ι

139 1335 209 1387 qui
237 1341 322 1376 tum
353 1335 533 1384 aderunt,
563 1335 653 1376 duci
684 1335 946 1382 decreverint,
978 1335 1070 1375 dum
1104 1348 1155 1376 ne
1183 1333 1188 1389 Ι
1216 1348 1288 1388 per
1318 1336 1347 1375 it
1374 1335 1608 1382 aedificium,
1641 1338 1740 1385 quot
1773 1345 1851 1372 non

139 1403 225 1444 eius
255 1404 313 1445 rei
343 1417 459 1445 causa
490 1406 636 1445 sactum
664 1401 670 1458 Ι
696 1404 759 1453 sit,
799 1416 899 1456 aqua
930 1405 1111 1451 ducatur,
1146 1417 1219 1457 per
1249 1417 1317 1444 eos
1345 1416 1462 1457 agros
1492 1414 1634 1455 aquam
1664 1401 1809 1441 ducere
1845 1406 1852 1453 Ι

140 1473 166 1512 i.
196 1471 379 1526 p.que¹⁴⁸
408 1480 507 1520 esto,
538 1485 636 1513 neve
668 1473 756 1525 quis
785 1472 916 1521 facito,
952 1484 1032 1524 quo
1062 1473 1196 1513 minus
1226 1473 1279 1512 ita
1305 1470 1311 1526 Ι
1338 1484 1439 1524 aqua
1469 1471 1647 1511 ducatur.

255 1541 296 1582 C.
357 1541 399 1582 Si
428 1542 517 1594 quis
547 1540 732 1582 colon.²⁴⁵
769 1553 911 1593 aquam
941 1541 981 1580 in
1012 1541 1209 1594 privatum
1252 1541 1439 1581 caducam
1472 1536 1632 1595 dulcere
1667 1539 1771 1579 volet
1799 1538 1853 1578 is-

141 1621 220 1661 que
249 1616 290 1650 at
315 1599 426 1650 Tlvir.
463 1610 603 1650 adierit
642 1607 988 1665 postulabitlve¹⁴⁹,
1037 1609 1093 1649 uti
1138 1609 1186 1649 ad
1230 1609 1435 1650 decurion.
1482 1610 1647 1655 reserat,
1692 1614 1777 1647 tum
1821 1606 1854 1646 is

140 1667 251 1727 Hm,
281 1690 303 1718 a
333 1691 412 1731 quo
439 1676 445 1733 Ι
472 1678 523 1718 ita
554 1678 795 1731 postulatum
826 1678 912 1726 erit,
943 1677 992 1717 ad
1023 1677 1272 1726 decuriones,
1305 1690 1394 1718 cum
1427 1690 1508 1717 non
1541 1676 1684 1731 miluus
1714 1674 1856 1716 XXXX

143 1746 326 1794 aderunt,
355 1747 513 1787 referto.
574 1746 616 1787 Si
645 1747 882 1787 decuriones
912 1758 962 1786 m.
984 1744 1072 1799 p.⁹⁰,
1107 1747 1175 1799 qui
1202 1744 1207 1801 Ι
1237 1753 1317 1786 tum
1341 1747 1542 1793 atfuerint,
1573 1757 1713 1798 aquam
1736 1745 1855 1785 cadu-

145 1827 231 1855 cam
271 1815 311 1855 in
344 1816 535 1867 privatum
567 1815 657 1855 duci
699 1813 705 1868 Ι
746 1815 990 1862 censuerint,
1031 1815 1082 1855 ita
1115 1827 1160 1855 ea
1191 1827 1291 1867 aqua
1324 1821 1471 1862 utatur,
1513 1820 1609 1866 quot
1648 1813 1733 1854 sine
1773 1813 1854 1866 pri-

148 1880 342 1939 νειΙῑίῑι]150
371 1883 514 1924 iniuria
543 1884 622 1932 fiat,
653 1884 678 1924 i.
710 1890 854 1936 potest.
886 1881 972 1923 e.¹⁵¹

261 1951 321 1992 CI.
381 1950 632 2004 Quicumque
670 1951 828 1991 comitia
865 1951 1115 2003 magistratus
1130 1949 1173 1970 ¹⁵²
1213 1951 1392 1991 creandis
1429 1947 1704 2004 subroganldis
1733 1949 1854 1989 habe-

146 2020 222 2069 bit,
260 2020 295 2060 is
325 2033 375 2060 ne
407 2016 542 2071 qua²⁵³
582 2019 638 2060 eis
675 2019 831 2060 comitis
871 2032 944 2072 pro
983 2018 1089 2059 tribu
1128 2018 1312 2075 accilpito
1354 2031 1451 2059 neve
1487 2018 1716 2058 renuntiato
1757 2030 1855 2058 neve

145 2088 367 2129 renuntiari
396 2087 545 2135 iubeto,
585 2086 592 2142 Ι
634 2088 702 2140 qui
733 2100 871 2128 eorum
902 2100 1001 2140 quae
1016 2086 1060 2107 ¹⁵⁴
1099 2100 1214 2128 causa
1245 2088 1337 2136 erit,
1378 2100 1478 2140 quae
1508 2093 1593 2127 tum
1607 2085 1651 2106 ¹⁵⁵
1685 2087 1724 2127 h.
1756 2086 1782 2126 l.
1814 2086 1853 2126 in

146 2157 278 2198 colon.
305 2156 312 2211 Ι
339 2156 595 2197 decurionem
627 2156 825 2196 nominari
855 2156 980 2196 creari
1010 2156 1099 2196 inve
1119 2155 1403 2197 decurionibus
1429 2153 1436 2211 Ι
1463 2168 1549 2196 esse
1570 2168 1652 2196 non
1675 2160 1856 2208 oporteat

146 2238 227 2266 non
258 2225 386 2265 liceat.

261 2293 339 2334 cn.
394 2282 490 2333 fivir
526 2291 595 2344 qui
634 2291 671 2332 h.
703 2292 728 2332 l.
768 2299 931 2344 quaeret
967 2290 1099 2332 iud.¹⁵⁸
1137 2292 1357 2342 exercebit,
1398 2291 1503 2345 quod
1534 2292 1722 2332 iudicium
1758 2289 1763 2347 Ι
1798 2291 1855 2332 uti

147 2375 228 2403 uno
250 2362 313 2402 die
338 2362 406 2402 fiat
435 2361 474 2401 h.
497 2360 523 2400 l.
544 2356 855 2416 praestitu[tu]m
872 2358 916 2379 ¹⁵⁷
946 2373 1026 2401 non
1059 2367 1130 2410 est,
1162 2373 1213 2401 ne
1244 2361 1333 2414 quis
1359 2359 1364 2416 Ι
1392 2372 1532 2401 eorum
1562 2367 1652 2400 ante
1683 2360 1720 2400 h.
1744 2355 1794 2416 [1]
1813 2358 1857 2379 ¹⁵⁸

148 2443 246 2471 neve
276 2436 368 2483 post
396 2430 534 2469 horam
564 2427 618 2467 XI
648 2427 724 2468 diei
755 2428 933 2481 quaerito
968 2427 974 2482 Ι
1008 2441 1107 2468 neve
1137 2429 1325 2470 iudicium
1359 2434 1552 2472 exerceto.
1615 2428 1731 2480 Isque
1761 2418 1857 2468 fivir

148 2498 188 2539 in
220 2498 365 2551 singul.
407 2495 413 2551 Ι
453 2502 715 2544 accusatores,
747 2496 813 2548 qui
845 2508 984 2536 eorum
1014 2496 1166 2537 delator
1196 2498 1282 2545 erit,
1315 2497 1350 2538 ei
1379 2494 1470 2536 h.¹⁵⁹
1500 2496 1584 2544 1111,
1615 2496 1683 2547 qui
1718 2494 1724 2549 Ι
1761 2495 1855 2536 sub—

147 2566 320 2620 scriptor
350 2565 437 2613 erit,
467 2565 506 2605 h.
537 2564 572 2604 11
603 2564 811 2604 accusandi
843 2562 1038 2616 potest.¹⁶⁰
1066 2565 1196 2605 facito.
1258 2566 1299 2606 Si
1326 2565 1332 2620 Ι
1360 2565 1448 2617 quis
1468 2570 1674 2604 accusator
1703 2564 1751 2603 de
1781 2576 1854 2604 suo

148 2640 329 2687 tempore
359 2633 471 2674 alteri
500 2632 755 2679 concesserit,
782 2629 788 2686 Ι
815 2638 913 2684 quot
943 2633 1027 2673 eius
1056 2633 1202 2685 cuique
1233 2645 1467 2674 concessum
1498 2633 1584 2684 erit,
1616 2645 1663 2672 eo
1688 2632 1856 2685 amplius

265 2781 343 2822 143)
367 2779 488 2813 Maior
506 2790 597 2823 pars
621 2781 718 2822 (post
740 2788 834 2821 m.,p.
859 2777 952 2810 duae
966 2778 1109 2811 litterae
1125 2789 1260 2819 erasae,
1284 2776 1438 2817 fot-lane
1455 2777 1487 2811 d.
1504 2777 1568 2822 d.).
1583 2797 1628 2803 —
1655 2779 1733 2820 144)
1758 2777 1856 2819 Quae

150 2838 254 2870 uncis
275 2835 326 2881 <>
349 2836 490 2877 inclusi,
515 2836 677 2869 insiticia
703 2837 856 2878 apparet
878 2845 950 2867 oue
966 2832 1032 2878 (cl'.
1048 2838 1125 2868 not.
1141 2834 1232 2879 490).
1248 2853 1294 2860 —
1323 2836 1399 2875 145)
1425 2834 1587 2868 Gelonus.
1603 2853 1649 2858 —
1675 2835 1752 2876 146)
1777 2834 1855 2868 Ser.

151 2894 338 2936 pareto.-
365 2894 445 2934 147)
468 2891 523 2926 PR
538 2917 547 2926 .
562 2918 570 2927 .
584 2916 593 2926 .
608 2918 616 2927 .
631 2891 654 2926 S
678 2891 822 2924 videtur
846 2901 918 2923 oue
942 2891 981 2923 in
997 2901 1090 2925 aere.
1104 2910 1148 2915 —
1174 2892 1253 2933 148)
1277 2891 1337 2924 lue
1355 2893 1593 2935 potestasque.
1610 2909 1655 2916 —
1681 2892 1760 2933 149)
1778 2890 1855 2925 Ser.

150 2948 418 2992 postulabitque.
434 2967 480 2974 —
506 2950 585 2992 150)
610 2948 688 2983 Ser.
712 2947 846 2992 privati.
863 2966 908 2973 —
935 2949 1013 2989 151)
1037 2947 1098 2980 Im
1116 2950 1342 2991 potestasque
1366 2950 1450 2981 esto.
1474 2967 1520 2972 —
1546 2949 1623 2989 152)
1648 2947 1725 2981 Ser.
1750 2947 1856 2990 mogi-

152 3005 326 3039 stntibus.
349 3024 395 3030 —
421 3006 499 3048 153)
524 3004 602 3040 Ser.
619 3014 731 3049 quem.
755 3023 801 3029 —
827 3005 904 3046 154)
928 3003 1006 3037 Ser.
1031 3003 1065 3037 in
1083 3014 1197 3038 earum
1216 3002 1362 3048 qua(cs1
1378 3004 1439 3037 10oe
1454 3004 1615 3038 Malaeit.
1632 3003 1793 3047 cmm).
1811 3022 1855 3028 —

155 3062 232 3104 155)
255 3061 332 3096 Ser.
357 3072 376 3096 e
400 3071 467 3106 qua
492 3071 580 3096 eum.
597 3080 643 3086 —
670 3062 747 3104 156)
771 3059 1036 3105 ludio-sumam).
1060 3079 1106 3085 -
1132 3063 1212 3104 157)
1234 3061 1437 3105 praestitum
1462 3071 1532 3094 aee.
1548 3080 1593 3086 -
1620 3061 1698 3102 158)
1722 3060 1855 3094 Horam

150 3118 317 3161 primam.
341 3118 396 3160 (bt
412 3118 437 3152 L
461 3121 547 3160 aas).
570 3137 616 3144 —
642 3119 721 3160 159)
744 3118 871 3151 Horas.
894 3134 940 3143 —·
967 3118 1043 3159 160)
1069 3117 1291 3152 Potutatem.
