2092 3360
314 176 430 214 Tituli
454 188 604 224 operum
627 179 862 227 locorumque
885 179 1126 227 publicorum.
1144 201 1189 207 —
1213 181 1395 219 Porticus.
1433 183 1655 221 Chalcidica.
1804 187 1887 226 387

171 288 423 334 proconsulem
448 292 598 334 Africae
621 297 749 328 extant
771 296 946 338 rescripta
971 294 1221 330 Valentiniani
1244 308 1277 331 a.
1293 298 1475 334 568-570
1497 298 1592 343 (cod.
1612 301 1742 336 Tueod.
1759 303 1888 346 12,12,

172 352 193 385 6
211 351 287 391 cet„
312 348 359 390 cll
378 349 487 385 Seeck
504 350 638 395 Symm.
651 362 690 395 p.
705 351 859 386 XLVIII
881 354 957 386 not.
969 351 1048 394 155,
1072 364 1094 387 a
1112 364 1181 397 qua
1198 364 1272 387 non
1287 357 1384 388 recte
1400 355 1538 390 dicitur
1554 356 1726 392 Claudius
1742 359 1889 395 Hermo-

171 410 352 450 genianus
378 407 585 450 Canai-ius,
617 407 665 449 cf.
689 418 800 452 supra
824 407 870 443 N.
885 407 969 443 4447
991 412 1065 444 not.
1081 410 1134 454 2).
1157 428 1204 435 —-
1227 411 1262 453 4)
1290 412 1517 461 Τριστ[ῷ]ον
1538 414 1681 449 videtur
1695 420 1890 451 memorari

174 467 214 498 in
240 468 264 499 t.
288 466 424 499 Asiana
449 465 506 499 III
526 465 564 500 S.
579 466 675 500 7049.
726 465 949 510 Triporticus
978 466 1151 500 vocabulo
1181 468 1300 501 utitur
1321 469 1516 512 Augmtin.
1541 474 1675 514 quaest.
1700 475 1740 506 in
1763 474 1887 518 hepta-

175 522 288 556 teuck.
304 523 346 564 2,
362 523 425 557 177
439 533 475 557 n.
490 524 540 557 22
564 526 662 557 cirea
678 522 741 564 sin.
779 523 911 557 Atrium
937 533 1014 556 cum
1040 522 1329 567 quadriporticum
1354 527 1394 558 in
1418 528 1444 560 t.
1469 527 1668 563 christiano
1691 529 1887 566 Χ171941.

288 604 425 652 55578
447 584 583 648 ᾙΙνίε
612 607 703 647 ddd.
726 619 825 646 nnn.
854 602 860 661 Ι
887 605 1146 646 Constantino
1167 606 1267 658 Aug.
1292 613 1331 646 et
1357 604 1363 661 Ι
1390 607 1479 648 filiis
1499 609 1583 649 eius
1605 609 1746 661 caess„
1775 610 1781 667 Ι
1808 614 1887 654 Vo-

174 677 298 718 lusius
319 676 518 718 Venustus
544 674 550 732 Ι
576 689 611 716 v.
639 687 692 724 c.‚
732 680 936 714 corrector
962 671 968 729 Ι
996 673 1111 726 Apul.
1144 681 1183 714 et
1213 672 1356 721 calab„
1385 671 1391 728 Ι
1423 675 1474 715 ob
1505 688 1679 719 amorem
1706 678 1713 736 Ι
1740 683 1888 734 patriae

173 754 321 788 statuas
347 746 353 801 Ι
381 746 538 787 ornatui
570 745 746 798 porticus
772 740 778 797 Ι
805 742 950 795 posuit.

290 813 438 847 Canusii
462 812 531 854 (IX
550 812 620 847 329
644 811 736 844 vidie
760 808 995 853 Hirschfeld).

289 894 404 941 5558
452 896 494 935 C.
516 896 667 935 Plotius
688 894 786 934 Cissi
817 893 840 934 l.
863 892 1055 943 Princeps
1081 888 1086 944 Ι
1114 890 1254 930 insulis
1284 892 1426 943 emptis
1455 871 1887 951 01·pr

173 977 265 1006 cum
296 966 334 1005 d.
365 978 397 1005 s.
457 995 466 1004 .
498 963 601 1003 fecit.

290 977 512 1075 Carthagine
535 1041 627 1064 nova
654 1029 849 1073 Hispaniae
872 1026 929 1067 (II
947 1026 1042 1061 5428
1065 1024 1113 1057 ad
1136 1025 1337 1068 exemplum
1356 1029 1586 1069 potissimum
1609 1031 1793 1077 Bion-ani).

177 1092 401 1158 μ’.5559
460 1109 673 1169 [p]orticus
710 1090 912 1167 trilumphi
949 1110 1006 1151 itu
1046 1117 1086 1151 et
1123 1109 1263 1167 relditu
1305 1114 1429 1154 octies
1465 1110 1596 1168 seimis
1636 1115 1758 1155 efficit
1796 1128 1887 1168 pas-

172 1194 241 1222 SUS
271 1195 329 1221 00.

278 1248 412 1282 Romae
443 1247 513 1292 (VI
535 1247 643 1281 29776
665 1247 772 1280 semel
795 1246 1005 1291 descripta).
1053 1246 1195 1281 Similes
1217 1251 1302 1282 sunt
1324 1247 1517 1288 fueruntne
1548 1249 1645 1282 tituli
1678 1248 1888 1283 Tiburtinus

171 1306 265 1341 XIV
279 1306 369 1340 5695
377 1310 392 1327 ⁸
417 1304 464 1345 cf.
488 1304 580 1348 Eph.
605 1315 659 1347 ep.
674 1304 706 1346 7,
721 1303 821 1346 1261,
844 1304 1008 1337 Baianus
1032 1304 1124 1348 Eph.
1144 1315 1197 1348 ep.
1213 1307 1247 1350 8,
1260 1306 1339 1340 574.
1385 1307 1568 1340 Por-ticum
1592 1308 1685 1339 lianc
1706 1309 1888 1350 privatam

170 1363 282 1404 fuisse
305 1365 468 1406 apparet.

285 1420 345 1454 Ad
366 1422 530 1464 porticus
550 1420 652 1453 urbis
675 1418 808 1453 Romae
826 1419 1014 1462 pertinent
1035 1420 1146 1452 etiam
1170 1418 1216 1454 Ν.
1233 1420 1310 1454 621.
1326 1421 1409 1455 622.

287 1557 401 1604 5560
446 1558 588 1598 Baebia
618 1558 663 1598 T.
695 1558 721 1597 f.
756 1554 950 1614 [Bas]silla
981 1557 1240 1598 calehidicum
1270 1558 1539 1611 municipibus
1569 1558 1652 1599 suis
1681 1557 1800 1598 dedit.

289 1626 432 1660 Veleiae
454 1636 542 1670 rep„
566 1627 619 1658 est
640 1626 792 1658 Parmae
816 1624 884 1668 (XI
905 1624 992 1658 1189
1015 1625 1110 1658 vidit
1132 1625 1347 1667 Bor-mann).

289 1682 494 1717 Chalcidica
518 1684 625 1716 habes
647 1683 756 1715 etiam
779 1692 891 1725 supra
915 1681 961 1716 N.
983 1682 1084 1717 5785.
1108 1682 1209 1723 5574,
1232 1680 1337 1721 infra
1361 1681 1406 1716 Ν.
1429 1682 1528 1717 5616.

286 1762 424 1810 5560*
464 1764 508 1804 L.
529 1764 710 1805 Abullius
729 1764 893 1804 Dexter¹
923 1761 928 1818 Ι
956 1760 1263 1820 [chal]cidicum,
1290 1764 1502 1816 porticum,
1525 1764 1732 1804 macellum
1756 1744 1885 1820 [euml

174 1830 434 1887 or]namentis
462 1832 551 1873 loco
581 1838 620 1872 et
648 1833 818 1885 pecunia
848 1845 918 1873 sua
948 1829 1067 1887 [fec.].

287 1900 481 1933 Aeserniae
505 1899 575 1940 (IX
593 1899 703 1933 2655·
722 1902 865 1942 partem
888 1899 1075 1932 dimidiam
1099 1899 1193 1932 vidit
1215 1898 1384 1942 Dressel).
1427 1897 1601 1934 Gemellus
1620 1901 1672 1931 est
1687 1898 1814 1932 titulus
1838 1897 1891 1932 IX

171 1958 275 1992 2655.
299 1975 344 1981 -
371 1958 404 1999 1)
429 1956 524 1990 Idem
547 1958 768 1989 memoratur
791 1955 843 1988 IX
863 1956 966 1989 2595.
989 1956 1089 1989 2654.
1113 1957 1214 1990 2655.
1238 1973 1285 1979 ——-
1316 1956 1351 1996 2)
1376 1980 1492 1989 .....
1516 1955 1699 1998 porticum,
1724 1954 1888 1988 chalcidi-

174 2025 249 2048 cum
276 2017 300 2048 t.
321 2013 495 2055 gemellus
516 2012 570 2047 IX
587 2013 692 2047 2655.

287 2093 400 2140 5561
460 2103 599 2148 (versu-r
630 2106 787 2147 quinque
817 2105 956 2146 integri
985 2107 1018 2136 et
1048 2104 1118 2137 duo
1150 2104 1294 2137 dimidii
1322 2094 1456 2147 era-529¹
1500 2093 1552 2132 Μ.
1583 2094 1759 2133 Antonio
1795 2091 1802 2148 Ι
1840 2097 1885 2133 Α.

175 2164 375 2205 Postumio
416 2163 515 2203 cos.²
555 2160 561 2217 Ι
603 2162 743 2202 Heisce
783 2173 885 2214 mag.
915 2173 1075 2202 murum
1114 2161 1163 2201 ab
1192 2158 1329 2217 gradlu
1368 2161 1416 2201 ad
1455 2159 1629 2201 calcidic.
1660 2167 1700 2201 et
1728 2160 1886 2202 calcidi—

172 2244 262 2272 cum
291 2230 297 2285 Ι
323 2238 362 2271 et
378 2231 520 2284 portic.
542 2236 634 2271 ante
655 2230 776 2271 culin.
797 2229 905 2283 long.
925 2242 966 2283 p.
1037 2230 1052 2251 ³
1078 2228 1086 2285 Ι
1120 2236 1160 2270 et
1188 2230 1301 2282 signa
1331 2241 1471 2270 marm.
1502 2229 1604 2270 Cast.
1635 2234 1675 2269 et
1702 2229 1787 2269 Pol.
1814 2229 1820 2284 Ι
1848 2235 1887 2269 et

172 2301 247 2341 loc.
278 2299 435 2353 privat.⁴
463 2300 513 2339 de
541 2299 644 2351 stipe
673 2297 786 2338 Dian.
814 2295 820 2353 Ι
847 2298 1086 2339 emendum⁵
1115 2294 1164 2354 [et
1191 2294 1470 2354 fJaciendum⁸
1495 2296 1502 2346 Ι
1529 2294 1780 2353 coeraver[e].

297 2367 439 2411 Capuae
461 2377 548 2410 rep„
579 2369 632 2399 est
653 2364 807 2408 Neapoli
832 2365 868 2409 (1
887 2367 965 2401 569.
987 2365 1022 2400 Χ
1041 2366 1141 2401 5781.
1175 2365 1311 2399 Rusoni
1333 2365 1404 2398 tab.
1426 2363 1607 2408 LXIIId).
1631 2383 1676 2388 —
1703 2366 1735 2405 1)
1758 2363 1887 2397 Fuisse

172 2425 230 2458 hic
259 2426 406 2458 nomina
432 2424 693 2466 magistrarum
723 2421 927 2465 duodecim,
955 2425 997 2456 ut
1027 2424 1067 2456 in
1097 2423 1213 2456 titulis
1243 2421 1422 2455 similibus
1445 2420 1492 2455 N.
1514 2420 1616 2454 5185.
1647 2422 1751 2456 5540.
1781 2421 1884 2455 5597.

170 2480 269 2516 5770.
295 2481 395 2523 5754,
420 2483 593 2524 ηραν-εκ
615 2479 678 2512 sed
700 2489 766 2512 cur
789 2489 892 2512 erasa
915 2480 1000 2520 nint,
1022 2480 1211 2513 incertum.
1228 2498 1269 2504 —-
1287 2479 1323 2521 2)
1346 2479 1391 2513 Α.
1407 2489 1442 2512 u.
1460 2488 1489 2511 c.
1504 2479 1581 2512 655.
1598 2496 1643 2502 -
1659 2479 1694 2519 3)
1718 2476 1886 2520 Spatium

172 2547 338 2572 vac-uuna.
364 2557 406 2562 —
441 2538 476 2579 4)
500 2536 597 2570 Loca
620 2538 778 2580 privata.
802 2554 847 2560 —
879 2537 913 2577 5)
937 2535 1112 2570 Emer-unt
1141 2546 1266 2579 nempe
1297 2536 1376 2569 loca
1402 2536 1559 2578 privata,
1588 2532 1753 2573 fecerunt
1776 2544 1884 2577 opera

172 2605 282 2638 supra
305 2595 454 2637 scripta.

287 2674 402 2722 5562.
450 2675 494 2715 P.
524 2674 742 2715 Barronius
772 2672 898 2714 Barba
926 2670 932 2726 Ι
958 2673 1043 2714 aed.
1074 2685 1157 2717 cur.
1190 2673 1333 2726 grados
1363 2673 1513 2712 refecit.

288 2742 420 2777 Romae
443 2753 519 2786 rep.
542 2744 583 2776 in
607 2741 707 2775 alveo
735 2739 870 2774 Tiberis
897 2751 1010 2784 prope
1034 2738 1222 2782 effluvium
1246 2740 1388 2773 cloacae
1410 2741 1591 2772 maximae
1613 2737 1682 2778 (Vl
1702 2739 1815 2773 51602
1839 2753 1884 2766 =

173 2799 264 2844 Eph.
281 2802 396 2844 epigr.
411 2801 443 2841 4,
459 2799 523 2833 814
547 2799 716 2832 viderunt
732 2798 874 2830 Henzen
891 2800 925 2830 ct
941 2796 1121 2842 Πασίωνι).
1133 2816 1179 2821 -
1190 2797 1340 2839 Propter
1355 2794 1512 2835 somnam
1530 2796 1732 2828 litterarum
1748 2796 1885 2828 ultimis

173 2856 306 2891 liberae
330 2858 387 2890 rei
406 2856 572 2900 publicae
596 2856 814 2899 temporibus
836 2856 1042 2888 attribuunt
1064 2855 1128 2896 qui
1150 2853 1328 2886 vider-unt.

286 2947 398 2994 5568
447 2949 498 2990 Μ.
529 2949 667 2990 Aulius
696 2949 745 2992 M.
780 2948 804 2988 l.
834 2946 839 3001 Ι
867 2947 966 2987 Eros
993 2946 998 3001 Ι
1025 2946 1190 2998 gradum
1221 2945 1327 2985 dedit
1354 2943 1360 3000 Ι
1386 2945 1674 2997 maceriamque
1700 2942 1706 2998 Ι
1733 2944 1882 2992 refecit,

174 3028 212 3056 m
263 3018 289 3058 .¹
317 3029 390 3058 suo
421 3018 457 3061 d.

214 3029 262 3070 ag
286 3084 401 3127 Prope
422 3083 566 3120 Lunam
588 3094 664 3127 rep.
688 3083 757 3127 (XI
777 3083 870 3118 1552
894 3081 984 3115 vidit
1007 3081 1219 3123 Bar-marm).
1243 3099 1286 3104 —
1313 3081 1347 3122 1)
1370 3078 1594 3122 Magister-io.

1540 3160 1611 3193 25*
