2092 3360
258 221 261 225 ,
297 175 415 214 Tituli
438 176 535 213 sacri
560 178 598 213 et
621 175 865 214 sacerdotum.
882 195 927 202 —
945 175 1159 213 Concordia.
1185 176 1318 213 Pietas.
1343 177 1430 215 Pax.
1455 177 1641 214 Securitas
1659 182 1728 216 cet.
1791 178 1871 217 101

268 290 388 338 3786
437 294 627 346 Augusto,
654 291 660 346 Ι
686 292 778 333 Paci
809 297 1026 345 perpetuae
1047 299 1087 332 et
1107 291 1351 334 Concordiae
1378 291 1385 348 Ι
1411 294 1611 347 Augustae
1636 296 1643 346 Ι
1671 295 1719 342 Q.
1738 295 1874 337 Vibius

158 360 305 402 Felicio
335 360 439 401 sevir
469 367 508 402 et
533 358 541 416 Ι
567 359 679 401 Vibia
700 360 875 401 Felicula
906 360 1282 427 ministrQlae
1310 359 1315 416 Ι
1343 363 1543 414 Augustae
1573 363 1610 403 d.
1637 376 1668 404 s.
1699 376 1739 417 p.
1767 363 1804 404 d.
1835 364 1873 405 d.

270 427 311 461 ln
336 428 466 470 oppido
492 427 714 462 Andalusiae
737 427 891 462 Mancha
915 427 1017 481 Real.
1028 425 1082 471 (11
1103 428 1387 481 53432Huebner
1409 429 1502 463 vidit
1525 430 1721 474 ectypum).

154 565 183 606 p
267 506 384 574 3787
441 509 533 549 Paci
570 508 733 562 August.
779 507 784 563 Ι
825 522 981 550 sacrum
1022 509 1028 558 Ι
1069 494 1306 550 dumi-iones
1351 511 1604 564 populusque
1644 510 1651 568 Ι
1691 511 1873 553 coloniae

186 573 402 606 raenesun.

266 631 384 678 3788
447 633 632 675 Securit.¹
673 636 773 687 Aug.
814 631 820 689 Ι
861 646 1016 674 sacrum
1057 633 1063 687 Ι
1105 633 1310 674 decurion.
1349 634 1604 687 populusque
1644 632 1650 690 Ι
1691 635 1872 676 coloniae

154 689 402 731 Praenestin.
1125 738 1128 742 .

267 757 458 790 Praeneste
483 756 584 802 (XIV
599 758 701 792 2898.
724 758 816 792 2899
841 757 944 802 vidi).
968 775 1014 782 —
1039 758 1071 800 1)
1098 757 1228 792 Statua
1253 757 1470 791 Securitatis
1493 759 1629 792 saeculi
1651 763 1874 794 memoratur

150 823 263 857 supra
286 812 333 848 Ν.
355 814 463 849 2935.

271 870 408 904 Titulos
431 871 519 904 Paci
535 872 722 913 Augustae
747 873 882 914 positos
906 881 928 904 a
952 871 1052 903 tribu
1076 870 1266 904 Sucusana
1291 872 1476 904 iuniorum
1501 872 1574 905 alio
1598 873 1677 906 loco
1696 873 1871 908 dabimus.

266 950 380 997 3789
425 955 481 999 (in
506 957 630 1000 clupeo
660 958 758 990 intra
783 966 954 990 coronam
979 956 1170 1000 quemam)
1202 951 1293 992 Paci
1323 953 1424 1006 Aug.
1448 956 1584 1002 (infra)
1609 954 1654 994 T.
1678 954 1873 994 Domitius

151 1019 345 1061 Romulus
371 1019 376 1076 Ι
404 1026 538 1061 votum
564 1020 710 1074 posuit,
742 1020 849 1073 quod
874 1019 882 1075 Ι
907 1019 1242 1060 fidecommissum
1264 1020 1467 1062 Phoebum
1497 1022 1625 1063 liberu
1651 1021 1657 1078 Ι
1683 1022 1871 1076 recepit¹.

153 1086 212 1127 (ln
234 1086 406 1120 lateribus
429 1089 525 1121 rami
548 1087 684 1129 laurei‚·
718 1088 758 1129 in
779 1087 922 1130 postica
944 1089 1080 1120 sertum
1105 1088 1309 1132 quernum.)

266 1142 437 1178 Narbone
453 1144 542 1185 (ΧΠ
552 1145 645 1179 4533
661 1144 754 1177 vidit
766 1142 999 1186 Hirschfeld).
1023 1145 1137 1177 Aram
1153 1155 1227 1177 esse
1242 1145 1379 1178 saeculi
1391 1156 1428 1188 p.
1443 1145 1522 1179 clar.
1533 1147 1648 1188 primi
1662 1148 1821 1179 ineuntis
1838 1147 1875 1178 et

146 1203 299 1243 propter
322 1203 533 1234 ornamenta
559 1199 623 1245 (cli
650 1210 744 1235 mon.
768 1201 907 1245 Ancyr.
925 1202 957 1241 6,
974 1201 1017 1235 47
1026 1201 1114 1245 seq.)
1140 1204 1175 1234 et
1194 1205 1347 1244 propter
1371 1201 1511 1235 litteras
1532 1205 1640 1245 putat
1655 1202 1872 1242 Hirschfeld.

150 1275 196 1280 —
222 1258 255 1300 1)
278 1256 516 1291 Mommsenm
539 1258 693 1291 coniecit
716 1258 894 1291 Phoebum
916 1256 1032 1298 fuisse
1052 1257 1197 1292 Romuli
1219 1258 1338 1300 filium
1361 1259 1567 1293 naturalem
1591 1270 1739 1303 eumque
1763 1270 1786 1293 a
1810 1259 1873 1292 do-

150 1313 248 1347 mino
269 1315 371 1357 patri
391 1315 447 1347 ita
471 1315 630 1357 legatum
654 1325 736 1355 esse,
767 1318 809 1348 ut
833 1325 912 1348 eum
932 1325 1002 1358 per
1025 1314 1338 1356 fideicommissum
1360 1318 1568 1350 manumitti
1590 1317 1729 1350 iuberet
1750 1317 1874 1359 itaque

146 1372 289 1412 patrem
312 1380 392 1404 eum
413 1373 567 1414 patroni
590 1373 672 1405 iure
695 1372 958 1415 quodammodo
982 1374 1168 1415 recepisse.

267 1448 384 1496 3790
432 1452 531 1493 Gen.
563 1453 688 1493 Pacis.

268 1518 511 1563 Thamugade,
543 1521 639 1553 basis
661 1520 889 1554 semicirculo
915 1519 1023 1563 (VIII
1045 1520 1207 1556 &47832
1231 1521 1335 1562 vidi).

265 1586 406 1633 3790*
448 1585 653 1646 Ιυεῐ[ιίι“αο]
684 1586 924 1646 Augus-nae}

150 1699 204 1735 IX
221 1655 434 1736 “gan-conae
447 1655 518 1700 (IX
525 1658 614 1691 5890
630 1657 739 1690 semel
753 1657 964 1702 descripta).
989 1657 1122 1691 Statua
1135 1657 1302 1691 Iustitiae
1314 1657 1504 1700 Augustae
1520 1658 1663 1691 videtur
1677 1658 1873 1690 memorari

263 1768 376 1816 3791
422 1771 582 1813 Pietatis
608 1769 614 1825 Ι
640 1784 798 1813 sacrum
831 1775 943 1821 (serta
961 1788 1007 1811 σω
1021 1779 1139 1822 pomis
1153 1776 1326 1820 frugibus
1339 1779 1503 1821 floribus,
1526 1780 1700 1820 quattuor
1722 1778 1872 1810 citharis

148 1847 340 1882 suspensa‚·
363 1836 486 1879 infra.-
509 1840 624 1882 incus,
654 1839 821 1883 malleus,
846 1838 1008 1883 forceps,
1028 1841 1148 1884 pileus
1171 1843 1322 1874 ornatus
1344 1840 1490 1883 virgula
1516 1839 1714 1883 oleagina).

267 1895 366 1929 Veiis
389 1905 477 1939 rep„
503 1906 570 1928 ara
593 1896 752 1929 rotunda
778 1906 993 1937 marmorea,
1018 1899 1071 1929 est
1094 1895 1228 1930 Romae
1250 1899 1290 1929 in
1314 1906 1434 1930 museo
1450 1895 1687 1929 Lateranensi
1703 1895 1773 1935 (XI
1783 1895 1872 1930 3779

151 1950 243 1984 vidit
266 1951 474 1991 Bormann;
505 1953 704 1995 imaginem
727 1952 905 1986 dederunt
929 1952 1068 1987 Canina
1093 1963 1250 1986 monum.
1273 1954 1358 1987 inst.
1378 1953 1477 1986 arch.
1496 1952 1551 1987 IV
1563 1953 1634 1985 tab.
1652 1951 1803 1986 XXXVI
1823 1949 1872 1991 cl:

150 2019 236 2043 ann.
252 2009 336 2042 inst.
351 2008 436 2042 4846
450 2018 487 2052 p.
497 2009 551 2050 46,
574 2010 660 2042 item
675 2009 768 2042 Ialm
782 2009 950 2042 Berichte
967 2009 1032 2043 der
1046 2010 1161 2043 siiclzs.
1182 2009 1258 2043 Ges.
1277 2009 1340 2042 der
1359 2008 1465 2043 Wiss.
1481 2008 1564 2043 4864
1584 2010 1654 2042 tab.
1670 2008 1760 2043 VII!
1771 2007 1834 2051 fig.
1850 2009 1872 2041 4

147 2075 186 2109 p.
199 2064 296 2108 eu).
342 2064 479 2097 Eadem
510 2069 721 2098 ornamenta
752 2064 867 2105 fuisse
899 2066 938 2097 in
966 2066 1108 2108 puteali
1130 2065 1280 2099 Libonis
1312 2066 1409 2109 quod
1435 2064 1512 2105 fuit
1541 2067 1581 2099 in
1603 2064 1687 2106 foro
1710 2064 1870 2099 Romano

150 2122 290 2155 collatis
320 2122 476 2154 nummis
500 2120 648 2154 Libonis
670 2124 705 2154 el
728 2121 848 2155 Paulli
868 2121 1017 2155 Aemilii
1041 2121 1183 2166 Lepidi,
1213 2123 1253 2155 in
1277 2132 1431 2165 quorum
1462 2125 1569 2166 parte
1598 2133 1724 2156 aversa
1746 2121 1874 2165 puteal

150 2177 245 2211 illud
276 2187 483 2221 ecepressum
514 2180 567 2210 est
590 2176 766 2218 (Momms.
793 2176 909 2212 licem.
933 2178 1088 2213 Miinzw.
1111 2189 1147 2222 p.
1163 2179 1263 2222 652),
1291 2181 1479 2223 perspexit
1503 2179 1654 2221 Canina.
1701 2178 1744 2212 In
1765 2180 1872 2221 parte

151 2234 303 2268 aduersa
338 2233 531 2267 eorundem
565 2244 794 2268 nummorum
826 2237 1120 2278 repraesentatur
1154 2234 1260 2268 modo
1290 2235 1412 2270 Bonus
1441 2237 1610 2277 Eventus,
1645 2235 1750 2269 modo
1783 2234 1871 2268 Con-

151 2290 297 2331 cordia,·
321 2291 361 2323 in
377 2290 528 2324 Pietatis
552 2301 620 2324 ara
644 2291 822 2334 quomodo
845 2289 986 2332 factum
1008 2293 1057 2324 sit
1079 2294 1122 2325 ut
1146 2296 1356 2326 ornamenta
1377 2293 1536 2336 putealis
1553 2292 1750 2327 Liboniani
1773 2302 1872 2335 repe-

152 2348 217 2381 tita
242 2347 328 2388 sint,
353 2347 452 2381 latet.
489 2346 642 2391 (Mirum
665 2351 718 2381 est
741 2359 763 2382 a
787 2348 940 2391 Ligario
970 2350 1158 2383 notissimo
1184 2347 1340 2388 falsario
1362 2351 1520 2393 proponi
1543 2349 1706 2390 titulum,
1732 2347 1869 2388 falsum

78 2438 81 2439 ⁷
149 2405 227 2437 sine
238 2403 358 2445 dubio,
372 2404 530 2447 putealis
543 2403 739 2438 Liboniani
754 2405 958 2438 dedicatum
970 2403 1055 2439 Bon.
1069 2404 1203 2439 Evento
1216 2405 1427 2440 Concordiae
1441 2405 1563 2440 Pietati
1582 2415 1615 2449 p.
1631 2405 1686 2444 R.;
1704 2403 1868 2447 V1145⁴9

264 2481 380 2530 3792
430 2480 603 2541 [Pie]tati
630 2481 636 2539 Ι
663 2490 702 2524 et
728 2482 734 2540 Ι
764 2481 1012 2542 [P]udicitiae
1039 2483 1046 2540 Ι
1073 2516 1196 2530 .....

270 2551 436 2594 Gerasae,
461 2551 566 2585 hodie
590 2549 788 2595 Djerdscli,
822 2554 924 2585 trans
946 2551 1153 2595 Iordanem,
1185 2555 1224 2586 in
1249 2552 1418 2593 confiniis
1436 2553 1714 2595 provinciarum
1737 2551 1871 2596 Syriae

153 2611 187 2640 et
211 2608 370 2641 Arabiae
395 2607 530 2651 (Revue
554 2609 710 2650 biblique
735 2608 820 2642 4899
842 2618 879 2650 p.
895 2609 951 2650 8).
976 2626 1018 2632 —
1044 2607 1151 2649 Infra
1177 2608 1335 2649 fractam
1359 2607 1472 2648 luisse
1495 2619 1569 2642 non
1593 2608 1764 2642 traditur.

265 2687 380 2734 3793
428 2689 702 2730 Providentiae
728 2688 736 2741 Ι
762 2690 960 2741 Augustae
991 2700 1093 2729 sacr.

266 2756 494 2790 Interamnae
526 2756 576 2789 ad
602 2755 738 2790 Narem
772 2754 918 2799 (Terni)
956 2754 1025 2798 (XI
1044 2755 1126 2790 4474
1162 2755 1255 2788 vidit
1283 2755 1496 2797 Bormann).
1527 2775 1572 2781 —
1608 2757 1712 2790 Alios
1745 2756 1869 2789 titulos

152 2813 406 2846 Providentiae
428 2814 659 2857 imperatoris
680 2814 815 2856 positos
839 2813 945 2845 habes
967 2821 1079 2855 supra
1103 2810 1150 2846 Ν.
1174 2811 1250 2846 457.
1274 2812 1357 2847 282.

267 2891 382 2938 8794
430 2893 482 2934 Μ.
503 2894 676 2934 Bicoleio
709 2893 752 2933 V.
783 2893 825 2933 1.¹
857 2892 1021 2932 Honore
1049 2890 1056 2944 Ι
1081 2891 1229 2932 donom
1260 2892 1376 2932 dedet
1406 2892 1560 2932 merito.

266 2958 398 2993 Romae
421 2970 496 3004 rep.
520 2960 570 2994 ad
593 2961 726 2993 bivium
742 2962 884 2993 viarum
900 2959 1071 2994 Salariae
1089 2961 1123 2991 et
1138 2957 1398 3001 Nomentanae,
1421 2959 1485 2991 ubi
1507 2956 1583 2998 fuit
1601 2960 1711 3001 porta
1730 2957 1868 2992 Collina

154 3015 227 3059 (Vl
246 3017 338 3051 5692
369 3016 462 3050 vidit
485 3016 656 3061 Henzen).
702 3016 835 3050 Aedem
862 3016 1016 3050 Honoris
1048 3018 1155 3048 eselra
1176 3017 1319 3058 portam
1346 3014 1518 3048 Collinam
1547 3017 1723 3048 memorat
1746 3015 1867 3049 Cicero

154 3071 197 3105 de
220 3072 289 3116 leg.
312 3073 348 3113 2,
363 3073 424 3112 23,
439 3075 497 3107 58.
522 3092 565 3098 —
594 3075 626 3111 1)
651 3073 837 3114 Intellege:
863 3072 909 3105 M.
929 3072 1108 3105 Bicoleius
1134 3071 1218 3106 Vibi
1242 3070 1401 3105 libertus.
