2092 3360
702 150 816 188 Tituli
839 151 1091 198 municipales.
1118 173 1160 179 —
1186 152 1360 199 Pompeii.
1808 153 1891 193 589

179 267 211 309 1)
236 266 351 299 Huius
379 269 421 300 ul
442 266 586 300 videtur
609 266 742 300 Scauri
766 266 849 310 (aut
869 266 1004 311 patris)
1035 277 1164 301 nomen
1195 268 1234 300 in
1257 268 1442 312 amphoris
1467 269 1692 312 Pompeianis
1716 268 1776 303 IV
1782 268 1871 303 2574
1879 281 1894 310 ,-

174 322 294 358 Boem.
318 322 436 357 uitta.
459 323 546 358 1896
571 333 608 366 p.
625 322 706 358 139.

290 401 408 448 6367
468 404 514 444 N.
537 404 725 457 Popidius
755 404 800 448 N.
833 405 861 444 f.
893 403 1074 445 Celsinus
1109 403 1115 457 Ι
1149 405 1286 445 aedem
1317 405 1430 447 Isidis
1460 412 1589 446 terrae
1619 408 1754 448 motu¹
1794 420 1894 447 con-

176 472 325 526 lapsam
353 471 359 527 Ι
386 485 406 512 a
440 473 700 513 fundamento
733 485 772 526 p.
794 471 844 512 s.²
874 473 1059 515 restituit.
1099 473 1215 513 Hunc
1246 473 1486 515 decuriones
1517 474 1569 515 ob
1590 473 1891 531 liberalitatem}

176 553 266 582 cum
298 547 403 582 esset
432 553 632 581 annorum
664 541 778 582 sexs⁸
809 540 940 581 ordini
971 554 1045 582 suo
1077 544 1199 593 gratis
1228 541 1475 594 adlegerunt.

289 608 465 651 Pompeiis
500 617 575 650 rep.
611 609 651 640 in
689 608 821 652 templo
858 608 984 651 Isidis,
1022 611 1074 641 est
1107 607 1265 651 Neapoli
1300 607 1353 650 (X
1377 610 1442 643 846
1478 609 1571 643 vidit
1601 610 1825 651 Mommsen).
1849 629 1894 636 —

178 665 211 707 1)
236 663 478 707 significatur
508 666 627 697 terrae
656 667 775 698 molus
806 676 840 699 a.
862 666 917 707 65,
950 675 1020 708 quo
1045 665 1230 708 Pompeios
1255 666 1424 707 graviter
1454 665 1612 708 afflictos
1643 678 1715 700 esse
1739 670 1897 701 narrant

177 720 310 755 Seneca
334 724 410 755 nat.
436 723 544 764 quest.
567 722 600 764 6,
623 721 643 755 4
674 725 710 754 et
737 721 882 756 Tacitus
906 732 992 755 ann.
1016 721 1071 763 45,
1087 721 1154 763 22,
1184 721 1404 762 confirmant
1426 724 1505 766 ipsa
1529 724 1675 758 rudera.
1699 743 1744 748 —
1774 725 1807 767 2)
1834 724 1896 757 Pe-

176 779 284 810 eunia
307 787 385 811 sua.
409 796 455 802 —
486 778 522 819 3)
548 777 603 817 Cl'.
626 788 738 821 supra
762 777 809 813 Ν.
825 779 920 813 2055
938 781 1001 812 eet.

289 858 403 904 6368
460 860 700 901 Eumachiae
730 859 848 921 L.‚f.¹
876 857 882 914 Ι
908 859 1059 899 sacerd.
1090 859 1197 912 publ.
1229 857 1234 914 Ι
1261 860 1446 901 fullones.

292 929 468 971 Pompeiis
498 929 539 960 in
571 928 691 961 eodem
722 926 889 968 aedificio
920 927 960 959 in
990 937 1059 970 quo
1093 925 1139 960 N.
1162 926 1263 967 5785,
1300 929 1398 960 intus
1433 929 1473 960 in
1504 929 1712 962 ambulacro
1744 931 1896 972 cryptae

177 985 230 1030 (Χ
242 984 310 1019 845
326 985 419 1018 vidit
435 983 659 1029 Mommsen).
671 1003 718 1010 —
736 985 770 1027 1)
787 983 922 1018 Eadem
934 983 1136 1016 Eumaeliia
1152 982 1358 1024 aedificium
1374 986 1489 1028 ispum
1507 985 1688 1018 dedicavit
1699 985 1762 1026 (Ν.
1774 985 1895 1025 5785).

176 1043 297 1076 Patris
326 1041 482 1081 fortasse
512 1044 589 1075 eius
620 1052 751 1074 nomen
774 1041 822 1082 (L.
846 1039 1024 1082 Eumachi)
1053 1041 1093 1073 in
1127 1040 1258 1083 tegulis
1282 1041 1457 1083 Pompeiis
1482 1043 1710 1085 potissimum
1742 1045 1896 1087 repertis

178 1099 231 1143 (X
248 1099 350 1139 8042,
372 1098 431 1143 47)
456 1102 491 1131 et
511 1101 552 1132 in
575 1099 763 1141 amplioris
780 1097 1142 1140 Carthaginiensibus
1169 1096 1277 1141 (VIII
1300 1096 1335 1131 S.
1352 1098 1479 1139 22657,
1493 1098 1566 1140 56).
1608 1100 1796 1133 Parentela
1819 1101 1897 1133 sine

177 1156 286 1189 dubio
310 1165 391 1189 eum
414 1166 456 1188 ea
481 1156 693 1189 coniunctus
716 1153 757 1188 L.
781 1153 1005 1187 Eumae-laius
1027 1153 1170 1187 Fuseus
1193 1154 1325 1187 duovir
1348 1164 1380 1188 υ.
1396 1165 1431 1188 α.
1447 1166 1474 1189 s.
1489 1165 1524 1198 p.
1539 1166 1576 1198 p.
1599 1157 1777 1199 Pompeiis
1793 1167 1827 1191 a.
1843 1157 1893 1190 52

175 1223 251 1246 una
276 1223 356 1245 eum
379 1211 426 1246 N.
443 1212 621 1244 Herennio
642 1211 747 1253 Vero,
771 1209 876 1251 infra
899 1210 947 1244 N.
963 1210 1066 1245 6395.

290 1291 404 1338 6369
464 1294 628 1334 Mamiae
650 1296 735 1342 (sie)
774 1293 817 1333 P.
850 1293 891 1332 12¹
932 1293 1127 1333 sacerdoti
1158 1292 1361 1345 publicae3
1401 1293 1513 1333 locus
1550 1294 1743 1346 sepultur.
1783 1296 1896 1336 datus

175 1362 439 1403 decurionum
472 1362 648 1402 decreto.

284 1429 460 1471 Pompeiis
476 1431 582 1462 extra
595 1431 743 1471 portam
755 1428 1066 1468 Herculanensem,
1083 1429 1123 1460 in
1138 1427 1246 1460 sedili
1261 1427 1402 1470 lapideo
1421 1427 1472 1469 (X
1482 1429 1550 1462 998
1566 1428 1658 1461 vidit
1672 1429 1895 1472 Mommsen).

176 1504 221 1510 —
249 1487 281 1528 1)
304 1485 441 1519 Eadem
464 1485 646 1519 dedicavit
669 1485 815 1518 titulum
831 1485 1087 1528 Pompeianum
1109 1484 1146 1518 X
1155 1484 1231 1518 846.
1243 1503 1288 1509 --
1310 1484 1366 1517 De
1381 1485 1552 1518 sedilibus
1567 1486 1623 1518 his
1637 1486 1899 1529 sepulcralibus

179 1541 267 1576 Mau
290 1541 408 1576 Roem.
431 1542 550 1576 Mitth.
573 1542 660 1576 4890
679 1552 719 1585 p.
735 1542 817 1575 280.

292 1621 406 1668 6370
465 1624 643 1664 lstacidia
674 1624 721 1664 N.
754 1624 779 1663 f.
807 1622 815 1676 Ι
841 1623 983 1663 Rufilla
1014 1623 1165 1665 sacerd.
1191 1620 1199 1677 Ι
1228 1622 1398 1675 publica.

291 1691 468 1733 Pompeiis
492 1693 598 1724 extra
616 1693 764 1734 portam
790 1690 1088 1724 Herculanensem
1119 1700 1194 1723 non
1218 1690 1324 1733 longe
1354 1691 1398 1722 ab
1422 1700 1465 1722 ea
1490 1700 1582 1733 quae
1603 1691 1799 1733 praeeedit,
1824 1693 1898 1735 eip-

176 1756 247 1791 pus
271 1747 415 1780 hermae
436 1747 579 1788 similis,
602 1750 644 1779 ut
668 1747 775 1780 mulli
799 1747 867 1780 alii
889 1748 1077 1790 Pompeiis,
1101 1749 1156 1779 est
1177 1746 1334 1790 Neapoli
1357 1745 1408 1789 (X
1428 1747 1494 1779 999
1518 1746 1610 1778 vidit
1626 1746 1850 1790 Mommsen).

291 1827 403 1874 6371
447 1826 598 1885 [AJueia
630 1825 717 1885 [on.
740 1827 844 1885 mai
876 1831 901 1870 s.
928 1829 935 1885 ι
962 1805 1897 1886 [³³]me

178 1910 225 1937 ex
257 1896 342 1938 dec.
375 1897 481 1940 decr.
514 1893 614 1953 pe[c.
639 1893 766 1953 pub.].

293 1965 478 2008 Pompeiis,
509 1964 717 2006 fragmenta
742 1975 818 2007 rep.
842 1964 920 1997 loco
945 1974 1018 1996 non
1040 1974 1106 1996 suo
1139 1962 1331 2007 (Sogliano
1357 1967 1426 1998 aet.
1451 1964 1554 1997 acad.
1578 1963 1758 1998 archaeol.
1781 1963 1896 2008 Neap.

177 2020 232 2063 45,
256 2020 342 2054 4890
362 2031 400 2064 p.
415 2020 501 2064 457,·
538 2021 624 2054 Mau
647 2020 766 2057 Roem.
790 2020 909 2055 Miteh.
934 2019 1023 2053 4892
1044 2030 1082 2062 p.
1100 2019 1196 2064 472).
1231 2039 1276 2044 -
1316 2021 1348 2062 1)
1380 2019 1568 2064 Supplevit
1592 2020 1746 2053 Huelsen
1779 2020 1896 2064 ([si]bi

180 2077 384 2120 Sogliano).
431 2077 486 2110 De
508 2077 756 2110 sacerdotibus
782 2077 932 2111 Veneris
955 2079 990 2108 ee
1015 2075 1155 2108 Cereris
1178 2074 1227 2115 ef.
1250 2086 1361 2119 supra
1386 2076 1435 2109 ad
1458 2076 1504 2110 N.
1526 2077 1632 2112 5554.

293 2168 408 2215 ⁶372
455 2169 497 2211 C.
530 2168 730 2210 Calventio
761 2169 927 2216 Quieto¹
955 2169 961 2222 Ι
987 2169 1205 2221 Augustali.
1237 2166 1244 2224 Ι
1280 2169 1382 2209 Huic
1413 2170 1463 2209 ob
1495 2170 1743 2210 munificent.
1775 2171 1897 2210 decu-

180 2239 339 2278 rionum
368 2240 374 2289 Ι
399 2237 562 2278 decreto
593 2243 633 2278 et
662 2237 800 2291 populi
831 2249 1001 2278 consesu
1023 2240 1110 2286 (sie)
1141 2237 1281 2278 bisellii
1326 2236 1332 2292 Ι
1363 2238 1506 2278 honor.
1536 2238 1650 2279 datus
1680 2244 1740 2279 est
1777 2247 1898 2291 (oisel-

184 2305 274 2339 lium
298 2315 378 2338 eum
401 2305 653 2348 suppedaneo,·
676 2306 716 2338 in
739 2308 895 2348 utroque
919 2305 1032 2338 latere
1055 2314 1191 2337 corona
1216 2314 1354 2348 querna
1379 2315 1459 2338 eum
1481 2304 1609 2350 vittis).

296 2374 473 2417 Pompeiis
496 2376 602 2407 extra
620 2376 770 2416 portam
794 2372 1091 2406 Herculanensem
1115 2371 1167 2418 (X
1185 2373 1274 2408 4026
1296 2373 1390 2407 vidit
1413 2373 1636 2417 Mommsen).
1661 2391 1706 2397 —-
1744 2374 1776 2414 1)
1802 2372 1898 2406 Idem

181 2430 254 2476 (vel
283 2433 378 2463 certe
409 2431 466 2462 vir
490 2429 646 2462 eiusdem
675 2429 850 2474 nominis)
883 2431 922 2462 in
954 2429 1085 2463 tabella
1117 2433 1240 2463 cerata
1263 2431 1481 2473 Pompeiana
1512 2431 1643 2462 aetatis
1665 2428 1898 2462 Neronianae

180 2497 218 2522 n.
235 2486 435 2520 LXXXVII
459 2485 509 2531 (C.
524 2486 552 2520 1.
566 2486 607 2520 L.
631 2486 691 2519 IV
704 2485 836 2531 p.365)
862 2486 1014 2529 aliisque
1037 2486 1223 2520 nonnullis
1247 2485 1313 2530 (cll
1338 2488 1384 2521 ib.
1405 2497 1442 2529 p.
1458 2485 1555 2529 438).

295 2578 409 2625 6373
468 2579 675 2620 Naevoleia
705 2579 750 2619 L.
782 2579 850 2619 lib.
880 2579 1013 2632 Tyche
1045 2579 1120 2620 sibi
1151 2586 1190 2620 et
1222 2579 1230 2629 Ι
1270 2580 1311 2620 C.
1342 2579 1519 2619 Munatio
1550 2578 1695 2618 Fausto
1726 2578 1827 2631 Aug.
1859 2584 1899 2618 et

183 2649 376 2702 pagano¹,
402 2647 410 2701 Ι
444 2648 508 2688 cui
538 2647 776 2688 decuriones
805 2659 1005 2688 consensu
1036 2647 1175 2700 populi
1201 2646 1208 2701 Ι
1234 2647 1428 2688 bisellium
1462 2646 1513 2687 ob
1542 2646 1681 2686 merita
1713 2646 1799 2686 eius
1828 2646 1897 2686 de-

184 2723 407 2757 creverunt.
435 2714 442 2770 Ι
480 2716 565 2756 Hoc
596 2716 886 2756 monimentum
918 2715 1123 2755 Naevoleia
1153 2715 1287 2768 Tyche
1316 2714 1468 2756 libertis
1497 2714 1580 2755 suis
1605 2713 1612 2763 Ι
1637 2713 1896 2766 libertabusq.

184 2790 225 2824 et
253 2784 295 2825 C.
325 2784 476 2825 Munati
508 2784 640 2824 Fausti
672 2783 754 2823 viva
786 2783 878 2823 fecit
909 2791 1058 2836 (supr-a.-
1080 2796 1242 2836 proeome
1263 2793 1468 2834 muliebris,-
1492 2794 1532 2826 επ
1555 2794 1667 2827 latere
1691 2792 1821 2826 dextr-o
1846 2793 1898 2825 bi-

184 2852 323 2885 sellium
351 2861 431 2885 eum
459 2851 698 2895 suppedaneo,
734 2853 773 2884 in
805 2851 954 2883 sinistro
983 2851 1192 2893 navigium;
1225 2851 1350 2883 subtus
1374 2849 1620 2893 anaglyphum
1657 2849 1899 2882 caerimonias

184 2907 352 2948 funebres
375 2908 575 2953 eoehibens).

300 2977 476 3019 Pompeiis
506 2979 611 3010 σει-ινα
639 2978 784 3019 portam
808 2974 1106 3008 Herculanensem
1141 2973 1194 3014 (X
1212 2973 1300 3008 4050
1330 2974 1422 3007 vidie
1444 2973 1664 3018 Mommsen).
1696 2991 1743 2997 —
1779 2974 1814 3015 1)
1840 2970 1896 3012 Cf.

186 3031 232 3066 N.
257 3031 346 3066 6379
360 3043 430 3076 seq.
