2092 3360
477 183 606 221 'Tituli
628 183 724 221 sacri
749 185 787 220 ot
810 183 1058 220 sacerdotum.
1084 203 1130 209 —
1153 183 1294 229 Iupiter
1311 182 1547 221 Dolichenus.
1797 183 1876 222 171

158 306 197 341 et
227 299 302 341 filis
327 298 335 355 Ι
362 305 401 340 et
431 298 617 340 omnibus
646 298 728 340 suis
755 296 762 352 Ι
797 299 1030 339 cantharum
1061 310 1151 339 cum
1179 297 1184 353 Ι
1213 311 1300 339 vase
1331 312 1399 340 sua
1427 303 1512 347 (sic)
1541 310 1761 353 posuerun.
1787 303 1876 347 (sic)

159 372 218 418 (In
242 372 371 417 latere)
397 367 470 408 sub
497 367 505 422 Ι
529 365 660 409 scriba
687 364 693 422 Ι
721 366 888 407 Fonteio
914 365 922 422 Ι
950 366 1144 420 Eutycho.

270 433 403 468 Romae
426 434 511 468 olim
535 435 574 467 in
598 434 745 467 aedibus
765 435 922 478 privatis
945 434 995 467 ad
1010 433 1132 474 forum
1154 433 1360 474 Traianum,
1385 444 1482 467 nunc
1498 433 1709 469 Florentiae
1726 433 1798 478 (VI
1812 434 1877 468 407

156 491 250 525 vidit
274 489 477 536 Kiessling).
502 509 547 517 —
575 491 607 532 l)
632 491 728 525 Idem
754 493 818 535 qni
840 493 962 535 posuit
987 490 1132 524 titulum
1159 491 1223 534 qm·
1242 490 1437 534 praecedit.

268 569 384 617 4318
426 583 506 622 (sub
529 585 652 615 :latua
676 582 867 625 Apollinis,
897 584 1033 625 partim
1057 583 1233 624 scriptum
1255 583 1295 615 in
1321 584 1460 623 trunco,
1491 584 1553 615 cui
1576 581 1663 616 deue
1687 585 1875 627 innititur,

152 647 289 690 partim
313 647 352 678 in
370 645 464 687 basi)
496 652 542 680 ex
565 638 792 695 praelcepto
819 639 825 695 Ι
854 640 881 680 Ι.
904 654 941 681 o.
963 654 1014 680 m.
1039 640 1083 680 Ι).
1112 638 1118 694 Ι
1144 652 1216 693 per
1241 638 1248 693 Ι
1275 637 1472 694 Acacilum
1500 638 1507 693 Ι
1535 638 1747 696 notai-ilum
1775 638 1782 695 Ι
1808 645 1871 692 etl

156 706 394 764 Olympilum
420 707 426 763 Ι
454 715 605 762 patrem
617 710 641 758 ¹,
670 708 676 763 Ι
703 710 864 749 Antonii
896 709 1058 749 Mariani
1090 715 1202 762 pater
1232 715 1271 748 et
1302 708 1405 748 filius
1430 706 1436 762 Ι
1464 708 1718 749 simulacrum
1749 709 1874 762 Apol-

155 778 246 819 linis
305 783 543 818 statuerunt.
1238 813 1242 817 ,

265 777 398 878 homae
422 844 506 878 olim
530 846 570 877 in
586 843 734 877 aedibus
748 845 915 888 privatis,
938 853 1036 876 nunc
1053 843 1217 877 Potsdam
1234 841 1285 887 (V
1286 842 1306 875 I
1317 843 1391 876 408.
1408 843 1520 877 50759
1544 844 1635 877 vidit
1651 843 1871 888 Bor-mann).

152 920 198 927 —
225 903 257 943 1)
282 901 392 935 Iidem
417 902 572 934 Aeacius
595 904 630 933 et
656 901 844 945 Olympius
868 902 932 944 qui
956 899 1000 933 N.
1014 899 1114 933 4546.

264 980 379 1027 4319
419 982 448 1022 1.
471 995 508 1022 ο.
530 995 583 1022 m.
606 995 640 1022 a.
665 983 723 1022 D)
756 988 795 1022 et
818 981 826 1036 Ι
854 981 938 1021 Soli
968 981 1090 1034 digno
1121 980 1262 1034 pres.²‚
1290 982 1296 1031 Ι
1323 992 1397 1034 pro
1418 981 1488 1021 sal.
1510 981 1560 1021 Μ.
1583 983 1677 1021 Aur.
1700 980 1869 1037 Andlro-

152 1052 231 1092 nici
262 1056 302 1091 et
322 1050 522 1103 Tarquilie
549 1047 557 1104 Ι
581 1049 766 1090 Marcelle
787 1049 938 1102 coiugis
968 1054 1008 1089 et
1032 1048 1039 1105 Ι
1067 1049 1237 1089 filiorum
1260 1049 1357 1098 eius,
1387 1061 1493 1089 aram
1521 1047 1528 1105 Ι
1554 1050 1688 1102 posuit
1708 1062 1755 1090 ex
1776 1055 1867 1091 voto

151 1133 224 1173 per
250 1117 257 1176 Ι
284 1119 325 1160 C.
348 1119 442 1159 Fab.
465 1118 704 1159 Germanum
735 1118 905 1158 sacerd.⁸

263 1185 407 1228 Romae,
429 1187 606 1219 incertum
624 1195 694 1228 quo
712 1185 789 1218 loco
805 1186 907 1218 urbis
922 1195 998 1228 rep.
1016 1183 1164 1225 (V1412
1190 1184 1282 1217 vidit
1304 1185 1347 1218 de
1359 1184 1491 1227 Rosci).
1507 1203 1553 1210 —
1578 1186 1612 1224 1)
1635 1185 1714 1219 Iovi
1732 1187 1869 1228 optimo

148 1245 309 1277 maa-imo
333 1246 479 1276 aeterno
503 1241 710 1274 Dolicheno.
735 1261 779 1266 —
805 1243 838 1282 2)
863 1241 1183 1274 Praestantissimo.
1206 1260 1252 1266 ——
1276 1243 1310 1277 3>
1334 1241 1430 1274 Idem
1455 1244 1507 1274 est
1529 1241 1632 1281 infra
1657 1241 1703 1275 N.
1717 1242 1823 1277 4520.

261 1321 377 1368 4320
421 1323 451 1362 l.
474 1335 510 1362 0.
533 1323 574 1362 S.
595 1335 635 1375 p.
658 1322 710 1362 d.¹
737 1321 745 1374 Ι
778 1328 818 1361 et
847 1321 993 1362 lunoni
1024 1328 1184 1363 sanctae
1211 1320 1217 1377 Ι
1244 1323 1385 1372 Herae,
1422 1323 1614 1364 Castorib.
1644 1320 1651 1378 Ι
1676 1330 1716 1363 et
1746 1324 1867 1376 Apol-

147 1392 218 1433 lini
249 1387 619 1446 conservatolribus‚
659 1389 837 1443 Thyrsus
873 1387 880 1443 Ι
913 1402 988 1443 pro
1018 1391 1144 1431 salute
1175 1391 1332 1444 patroni
1362 1391 1422 1432 sui
1464 1388 1471 1446 Ι
1512 1397 1552 1432 et
1580 1403 1650 1432 sua
1680 1404 1867 1432 suorum-

147 1473 239 1514 que,
266 1457 274 1516 Ι
299 1459 408 1500 iussu
430 1459 605 1499 numinis
625 1470 764 1498 eorum
790 1457 797 1507 Ι
823 1469 930 1498 aram
958 1459 1009 1507 d.‚
1037 1456 1044 1514 Ι
1070 1460 1183 1501 salvis
1203 1459 1420 1500 candidatis
1446 1457 1454 1514 Ι
1480 1460 1597 1500 huius
1617 1459 1730 1510 loci²‚
1757 1460 1765 1514 Ι
1790 1473 1869 1513 per

147 1529 189 1570 C.
207 1527 372 1568 Fabium
388 1526 661 1568 Germanum?
687 1530 888 1575 (Inlatere)
911 1526 998 1567 ded.
1015 1527 1065 1567 VI
1077 1528 1162 1568 idus
1188 1525 1195 1583 Ι
1222 1524 1340 1585 [O]ct.
1368 1525 1376 1582 Ι
1402 1528 1618 1581 Peregrino
1635 1534 1674 1568 et
1698 1528 1706 1582 Ι
1733 1528 1865 1569 Aemi-

149 1596 254 1638 liano
280 1594 287 1652 Ι
314 1595 414 1636 cos.⁴

248 1661 401 1713 *Romam
434 1673 510 1706 rep.
540 1662 726 1696 dicebatur
756 1665 861 1696 extra
891 1666 1036 1705 portam
1066 1662 1350 1703 LatinamJVl
1376 1663 1444 1697 415
1479 1663 1571 1696 vidit
1603 1663 1778 1706 Henzen).
1819 1681 1868 1690 —

148 1722 182 1763 1)
205 1720 283 1754 Iovi
307 1720 439 1763 optimo
456 1718 535 1753 Soli
547 1719 595 1763 (ἲ)
618 1721 928 1761 praestantissimo
943 1719 991 1763 (P)
1017 1719 1140 1762 digno,
1165 1719 1346 1753 ueletiam
1363 1719 1572 1755 Dolicheno.
1597 1739 1643 1744 —
1667 1721 1701 1762 2)
1728 1719 1866 1754 Candi-

147 1776 226 1810 dati
240 1777 348 1809 huius
365 1775 435 1809 loci
448 1777 534 1808 cunt
549 1777 658 1808 otiam
673 1775 718 1809 Ν.
730 1776 827 1810 4516.
863 1776 1054 1810 Probabile
1077 1778 1139 1819 est,
1163 1777 1257 1810 hunc
1281 1787 1421 1820 quoque
1444 1777 1588 1810 titulum
1613 1777 1698 1810 olim
1723 1778 1866 1809 stetisse

147 1834 187 1866 in
210 1832 391 1865 Doloceno
413 1832 657 1865 Auentinensi.
683 1850 729 1856 —-
753 1833 787 1871 3)
813 1833 908 1865 Idem
934 1835 985 1865 est
1008 1832 1163 1867 N.4319.
1186 1852 1232 1858 —
1257 1835 1290 1872 4)
1317 1834 1361 1866 A.
1378 1834 1453 1867 244.

259 1910 371 1957 4321
422 1913 501 1952 lovi
537 1912 687 1965 optimo
714 1912 720 1967 Ι
746 1915 916 1953 maximo
948 1913 1154 1953 Dolichen.
1182 1913 1189 1967 Ι
1217 1914 1368 1953 Paezon
1400 1914 1598 1966 Aquiliaes
1624 1912 1630 1968 Ι
1658 1915 1865 1955 Bassillaes

147 1989 256 2022 actor
283 1978 289 2035 Ι
316 1993 406 2021 cum
437 1980 608 2021 Paezusa
638 1981 716 2020 filia
747 1993 816 2021 sua
844 1979 850 2036 Ι
877 1981 914 2020 d.
946 1982 984 2021 d.

261 2057 398 2104 4321⁵
435 2059 579 2099 Iunoni
613 2058 621 2112 Ι
655 2059 817 2111 reginae
843 2059 850 2114 Ι
877 2060 1028 2100 Paezon
1058 2059 1064 2113 Ι
1090 2060 1288 2112 Aquiliaes
1315 2057 1322 2113 Ι
1348 2059 1553 2100 Bassillaes
1586 2059 1595 2115 Ι
1630 2067 1742 2101 actor
1771 2073 1863 2102 cum

149 2129 320 2170 Paezusa
347 2125 354 2182 Ι
382 2127 458 2167 filia
488 2140 557 2168 sua
588 2127 626 2167 d.
657 2128 695 2167 d.

260 2194 406 2237 Romae,
428 2194 492 2228 illa
517 2197 612 2228 certe
635 2194 832 2238 aliquando
857 2195 1006 2228 extabat
1028 2195 1069 2227 in
1091 2195 1271 2228 Aventino
1297 2193 1369 2238 (VI
1386 2196 1463 2229 566.
1479 2196 1547 2230 563
1571 2195 1742 2229 viderunt
1766 2195 1863 2230 Sme-

149 2255 223 2287 tius
246 2252 411 2295 aliique).

259 2330 376 2378 4322
439 2332 583 2372 lunoni
614 2338 772 2372 sanctae
807 2330 815 2386 Ι
849 2333 955 2373 iusso
987 2332 1087 2373 lovis
1120 2332 1126 2386 Ι
1164 2333 1378 2386 Dolychen.
1406 2331 1413 2386 Ι
1440 2333 1483 2373 Ρ.
1514 2333 1647 2374 Aelius
1678 2334 1817 2387 Myron
1852 2333 1860 2390 Ι

148 2470 248 2511 tinio
280 2469 455 2510 Advento
482 2466 489 2524 Ι
516 2468 615 2509 cos?

260 2535 404 2578 Romae,
428 2535 514 2570 olim
538 2537 578 2567 in
601 2537 720 2567 monle
746 2534 864 2568 Caelio
896 2535 969 2574 (VI
987 2536 1054 2569 567
1078 2533 1125 2575 cs.
1149 2547 1184 2577 ρ.
1199 2537 1310 2576 5004,·
1346 2537 1614 2579 inscriptionem
1647 2536 1772 2569 lateris
1801 2537 1862 2570 de-

149 2594 296 2628 lineavit
320 2593 484 2626 Huebner
506 2603 563 2626 ετ.
587 2602 656 2625 scr.
682 2602 734 2634 ep.
750 2591 843 2635 964).
867 2609 910 2615 —
938 2593 970 2632 1)
996 2590 1221 2634 Negotiator.
1246 2611 1290 2616 --
1315 2593 1348 2633 2)
1374 2591 1531 2624 Maca-ini
1553 2602 1682 2626 nomen
1706 2604 1862 2636 erasum,

146 2651 210 2684 sed
231 2653 272 2684 ut
295 2649 406 2690 facile
429 2649 548 2683 adli-’tc
570 2650 797 2691 dispiciatur.
822 2667 867 2672 —
891 2649 926 2687 3)
950 2648 990 2681 44
1012 2647 1120 2682 Mart.
1142 2648 1220 2681 218.

260 2739 374 2786 4323
428 2741 457 2781 l.
489 2754 526 2783 ο.
558 2754 609 2781 m.
641 2740 781 2788 Dono„
809 2739 815 2795 Ι
842 2739 1088 2792 Aesculapio,
1117 2738 1122 2793 Ι
1148 2739 1265 2790 Ygiae
1297 2736 1489 2793 cetelrisq.
1521 2740 1595 2780 diis
1629 2739 1636 2793 Ι
1672 2741 1859 2786 immort.‚

149 2809 196 2850 T.
219 2809 275 2850 Fl.
302 2808 309 2864 Ι
336 2809 528 2849 Maximus
548 2822 595 2849 ex
619 2817 644 2849 7
670 2807 676 2863 Ι
703 2814 842 2862 praet„
873 2820 912 2860 p.
935 2809 1002 2861 p.¹‚
1034 2808 1155 2860 praef.
1184 2805 1190 2860 Ι
1217 2807 1291 2859 leg.
1314 2806 1389 2846 111²
1419 2808 1517 2860 Aug.
1535 2807 1704 2847 Severi.⁸
1734 2808 1740 2860 Ι
1767 2820 1856 2848 cum

148 2876 321 2918 Antonia
351 2873 563 2932 Anltonina
596 2874 778 2931 coniulge
811 2889 843 2915 v.
866 2891 897 2915 s.

262 2943 455 2977 Lambaese
489 2943 599 2988 (VIII
623 2944 714 2979 2624
746 2943 838 2976 vidit
871 2941 1099 2985 Wilmanns).
1137 2959 1182 2966 —-
1222 2943 1253 2982 1)
1284 2941 1346 2975 Ea·
1377 2943 1586 2975 centurione
1614 2943 1861 2985 praetoriano,

147 3000 365 3044 primipilus.
388 3019 434 3024 —
458 3001 493 3041 2)
516 2999 640 3044 leg.11{
664 3010 794 3033 rasum.
824 3018 870 3024 --
907 3001 941 3041 3)
967 2999 1183 3032 Seuerianae
1207 2997 1351 3038 (titulus
1371 2999 1529 3040 pertinet
1552 3000 1668 3041 igitur
1690 2998 1739 3031 ad
1761 3001 1860 3032 aeia-

152 3058 219 3089 tem
243 3057 477 3101 Aleoeandrf).
