2092 3360
0 672 2 685 Ι

387 145 502 183 Tituli
524 147 777 194 municipales.
800 168 844 174 —
869 147 1045 194 Pompeii.
1070 148 1184 185 Tituli
1200 149 1291 195 picti
1314 151 1351 185 et
1375 149 1588 196 scariphati.
1763 150 1842 189 601

135 258 279 294 Nolisie
291 261 388 304 degli
402 263 503 296 scam*
514 262 600 296 4880
614 274 650 306 p.
664 262 740 297 485.
764 262 820 298 IV
828 264 921 298 3888
934 262 1018 296 Mau
1035 263 1130 298 Buu.
1147 263 1232 298 Inst.
1244 263 1327 298 4874
1341 275 1379 308 p.
1391 263 1486 309 204).
1498 283 1544 289 -
1559 266 1590 307 1)
1605 263 1658 305 cr.
1670 264 1716 300 Ν.
1733 265 1843 300 6441¹³

134 319 207 351 not.
223 317 254 352 1.
279 337 325 342 —
350 320 384 361 2)
409 318 471 353 Sic
494 318 592 361 Mau,
612 319 680 354 fis
699 318 864 363 (reliquis
887 321 1044 362 omissis)
1070 319 1168 363 Sogl.

248 397 384 445 6441·
433 401 527 441 fullo
555 398 562 455 Ι
589 401 752 442 Cresces
777 400 784 456 Ι
812 401 1063 454 Pompeianis
1088 400 1094 456 Ι
1121 401 1301 442 salutem.

249 477 388 524 64412'
431 480 528 520 fullo
555 481 562 534 Ι
589 481 751 522 Cresces
779 480 784 534 Ι
811 481 1068 523 Salinesibus¹
1098 479 1104 537 Ι
1130 482 1268 522 salute.

247 556 382 604 64410
429 559 526 601 rullo
553 561 560 610 Ι
586 560 748 601 Cresces
774 559 780 615 Ι
808 561 1005 602 Stabianis
1030 560 1036 616 Ι
1063 561 1201 602 salute.

248 636 388 684 6441(ἱ
434 639 530 680 fullo
558 637 565 694 Ι
591 639 752 681 Cresces
779 637 785 694 Ι
812 640 1038 681 Surentinis
1063 638 1070 695 Ι
1098 641 1262 682 salutem

247 716 382 764 6441Θ
431 718 592 760 Cresces
622 719 839 761 fullonibus
869 727 910 761 et
939 720 1068 761 ululae
1097 733 1191 762 suae
1222 721 1312 762 sa1.²
1346 731 1463 772 (ulula
1487 732 1561 765 sive
1585 732 1744 779 noctua).

250 786 427 829 Pompeiis
449 787 698 830 scaripkalum
721 787 760 819 in
784 786 960 820 columnis
983 787 1109 821 domus
1127 789 1297 831 privatae
1323 787 1393 832 (IV
1405 787 1504 823 4402.
1526 788 1619 824 4406.
1635 790 1732 824 4409.
1746 789 1845 824 4405.

137 842 225 878 4448
249 841 297 883 cll
321 842 410 877 Mau
430 842 526 877 Bau.
542 843 628 876 Inst.
645 843 746 877 arch.
762 843 850 878 4885
871 854 908 887 p.
923 845 1012 886 25ος
1037 844 1211 887 Sogliano
1235 844 1382 880 Notizie
1405 845 1502 888 degli
1517 847 1617 879 soavi
1632 846 1718 880 4884
1737 856 1772 889 p.
1788 847 1845 880 50.

134 900 191 935 54.
208 899 302 943 444).
323 920 369 925 -
395 901 430 943 1)
456 899 659 934 Salinenses
674 902 782 943 putat
800 899 886 934 Mau
900 899 1034 944 (Roem.
1050 901 1170 936 Mittlz.
1183 902 1270 936 4889
1284 913 1320 946 p.
1331 903 1416 944 299)
1434 913 1492 935 eos
1508 904 1571 946 qui
1587 903 1792 936 habitarent
1807 905 1846 936 in

134 958 214 991 vieo
237 957 393 1000 quodam
418 956 474 990 vel
492 967 590 1000 pago
606 957 822 1000 Pompeiano
846 957 942 992 dicto
967 969 989 991 a
1015 958 1162 993 Salinis.
1177 977 1224 984 —-
1249 959 1284 1001 2)
1307 959 1360 992 De
1377 959 1454 993 loeo
1472 959 1650 993 Varronis
1673 961 1756 1000 (sat.
1775 959 1846 993 Me-

134 1015 232 1058 nipp.
250 1012 301 1053 fr.
312 1013 384 1048 539
399 1014 615 1047 Buecheler:
639 1024 720 1047 eum
731 1014 839 1057 peius
852 1013 1057 1054 formidant
1080 1025 1187 1058 quam
1209 1013 1304 1055 fullo
1327 1016 1480 1061 atulam)
1505 1018 1647 1050 monuit
1662 1015 1847 1059 Sogliano.

248 1105 394 1153 6442ιιι
430 1107 620 1160 Campani
649 1107 807 1148 salvete.

249 1176 423 1218 Pompeiis
446 1177 530 1208 anie
550 1178 694 1218 portam
718 1174 1016 1208 Herculanensem
1038 1176 1285 1218 scariphatum
1309 1178 1349 1209 in
1370 1178 1510 1220 pariete
1542 1176 1618 1217 (IV
1638 1177 1725 1211 4246
1752 1176 1845 1210 vidit

132 1233 430 1277 Zangemeister).

247 1298 392 1347 6442'0
430 1296 658 1358 Cam[p]ani
687 1300 829 1341 salvete
854 1300 862 1355 Ι
888 1301 972 1341 viri.
1013 1301 1137 1342 Aulus
1168 1301 1242 1342 010
1272 1315 1345 1343 suo
1372 1300 1379 1357 Ι
1405 1303 1584 1344 salutem.

247 1369 425 1412 Pompeiis
455 1369 495 1400 in
523 1371 625 1411 poste
657 1369 742 1401 ostii
771 1368 896 1401 domus
919 1369 1090 1412 privatae
1118 1370 1364 1412 scariphatum
1397 1368 1471 1409 (JV
1486 1369 1584 1404 2353
1604 1381 1642 1412 p.
1659 1368 1725 1404 249
1756 1369 1847 1402 vidit

133 1426 432 1468 Zangemeister).

248 1517 394 1564 6443·
430 1518 620 1572 Campani
650 1519 811 1558 victoria
841 1531 919 1558 una
947 1517 955 1570 Ι
981 1530 1071 1558 cum
1092 1518 1302 1559 Nucerinis
1332 1519 1490 1572 peristis
1511 1528 1638 1573 (supra
1659 1530 1849 1573 gladiator

131 1587 291 1631 palmam
307 1596 418 1619 manu
432 1586 502 1619 sin.
519 1589 652 1627 tenens,
674 1585 852 1628 gradibus
867 1585 1059 1627 descendit,
1083 1588 1181 1619 retro
1198 1596 1278 1618 eum
1293 1586 1409 1619 altera
1427 1586 1549 1630 palma
1555 1598 1569 1628 ;
1592 1597 1613 1619 a
1629 1588 1719 1621 sins
1743 1587 1846 1620 homo

134 1647 173 1677 in
196 1644 368 1686 suggestu
390 1645 501 1683 stans,
524 1641 620 1675 alius
644 1645 727 1675 ante
748 1642 985 1687 suggestum).

246 1701 426 1743 Pompeiis
455 1701 495 1733 in
519 1709 623 1733 muro
647 1699 774 1733 domus
794 1701 961 1742 privatae
983 1700 1208 1733 extrinsecus
1230 1699 1480 1743 scariphatum
1505 1699 1702 1741 (1V4293,·
1724 1701 1845 1742 imago

134 1760 188 1790 est
208 1756 300 1792 uus.
324 1757 478 1791 Bor-bon.
502 1756 571 1791 vol.
596 1755 675 1801 Vl).

249 1834 396 1882 G443b
432 1837 643 1878 Nucerinis
667 1837 675 1889 Ι
700 1836 885 1877 infelicia.

249 1905 436 1948 Pompeiis,
458 1905 703 1947 scariphatum
729 1902 801 1946 (W
812 1902 903 1937 4329
927 1902 1018 1936 vidit
1040 1902 1263 1947 Mommsen).

249 1983 393 2031 64480
429 1984 658 2025 Puteolanis
688 1984 874 2024 feliciter!
909 1983 916 2039 Ι
952 1983 1138 2024 omnibus
1167 1983 1404 2024 Nucherinis
1438 1981 1444 2038 Ι
1479 1983 1627 2033 felicia;
1666 1990 1705 2024 et
1736 1996 1844 2024 uncu

136 2052 390 2106 Pompeianis
416 2051 422 2106 Ι
449 2052 716 2092 Petecusanis.

248 2121 435 2164 Pompeiis,
458 2120 704 2162 scariphatum
727 2120 768 2151 in
794 2118 964 2162 lupanari
984 2118 1062 2159 (IV
1078 2118 1169 2153 2483
1192 2119 1283 2152 vidit
1306 2118 1606 2163 Zangemeister).

250 2210 364 2258 6444
418 2212 558 2253 iudicis
587 2213 686 2264 Aug.
719 2210 837 2252 selic.¹
870 2211 1068 2261 Puteolos,
1099 2211 1276 2261 Antium,
1307 2211 1528 2265 Tegemo',
1564 2212 1845 2265 Pompeios—

138 2283 212 2322 liae
241 2289 336 2321 sunt
365 2266 480 2321 νει-’ἑο
506 2279 513 2334 Ι
539 2275 748 2335 coloni[ae]
758 2279 785 2318 ⁸.

255 2349 443 2391 Pompeiis,
465 2340 608 2381 'litteris
630 2346 743 2379 multo
766 2346 1103 2389 neglegentioribus,
1133 2356 1240 2390 quam
1264 2348 1311 2380 iis
1335 2348 1462 2391 quibus
1485 2348 1680 2380 utebantur
1702 2348 1742 2380 in
1763 2358 1845 2390 pro—

135 2408 351 2449 grammatis
373 2387 660 2443 candidatorum,
682 2404 820 2446 pictum
834 2404 874 2436 in
884 2405 1026 2446 pariete
1042 2403 1167 2437 domus
1186 2403 1388 2438 Vettiorum
1403 2406 1487 2437 ante
1503 2414 1639 2437 annum
1654 2404 1711 2446 63,
1735 2402 1783 2443 cs:
1799 2404 1848 2437 ad

137 2461 184 2497 Ν.
198 2463 283 2497 6400
301 2459 475 2503 (1V3525
492 2477 537 2491 -ι
550 2460 723 2503 Sogliano
746 2458 960 2493 Bendieonti
983 2460 1170 2494 Aceadem.
1196 2460 1320 2494 Lincei
1343 2460 1429 2494 4897
1450 2471 1486 2503 p.
1504 2459 1594 2501 389;
1617 2459 1705 2494 Mau
1727 2459 1847 2494 Roem.

138 2518 257 2553 Maeli.
275 2518 362 2552 4898
375 2518 495 2563 paul).
519 2535 566 2542 -
591 2518 624 2559 1)
650 2514 703 2556 Cf.
719 2526 830 2559 supra
845 2514 892 2551 Ν.
908 2515 986 2551 234.
1012 2535 1058 2542 --
1083 2518 1117 2560 2)
1145 2516 1364 2560 Tegeanum,
1389 2518 1491 2549 euius
1515 2517 1640 2560 oppidi
1662 2520 1847 2551 curatores

139 2577 307 2609 habemus
329 2585 442 2618 supra
466 2571 512 2607 N.
534 2573 641 2613 5054,
674 2571 775 2612 infra
798 2572 844 2607 Ν.
865 2574 959 2612 6449,
995 2571 1108 2613 fuisse
1131 2575 1227 2606 inter
1250 2573 1446 2608 Nuceriam
1472 2576 1506 2606 et
1527 2571 1676 2615 Nolam,
1709 2575 1762 2607 ibi
1783 2576 1847 2608 ubi

140 2632 262 2666 cabula
296 2632 562 2674 Peuiingerana
598 2627 751 2663 collocat
784 2631 1005 2663 mansionem
1038 2624 1101 2663 ‘ad
1133 2629 1330 2673 Teglanum
1349 2655 1359 2671 ‚
1393 2631 1522 2663 statuit
1556 2629 1731 2672 Sogliano
1766 2630 1790 2664 1.
1814 2640 1846 2664 c.

137 2701 175 2732 p.
189 2688 260 2723 393
270 2699 341 2732 seq.
364 2707 410 2713 —
445 2688 480 2730 3)
503 2686 643 2720 Iudicia
667 2685 822 2720 Neronis
844 2697 931 2730 erga
956 2686 1122 2720 Puteolos
1144 2690 1181 2720 et
1197 2688 1347 2720 Antium
1372 2685 1475 2730 (Tac.
1491 2697 1575 2719 ann.
1591 2685 1642 2728 44,
1658 2687 1716 2721 27.
1746 2686 1845 2722 Suet.

139 2744 226 2779 Ner.
241 2746 279 2789 9)
305 2747 479 2787 novimus,
509 2746 701 2786 utrumque
724 2743 895 2786 oppidum
918 2754 1029 2778 novos
1052 2743 1206 2786 colonos,
1229 2744 1323 2777 illud
1346 2746 1454 2777 etiam
1477 2741 1695 2776 Neronensis
1717 2753 1848 2786 cogno·

141 2804 298 2835 mentum
320 2803 364 2835 ab
386 2812 426 2834 eo
450 2802 588 2844 accepit
605 2798 667 2844 (N.
684 2799 785 2834 6326.
802 2799 906 2842 6327)
913 2808 929 2844 ‚·
952 2801 1131 2844 Pompeiis
1153 2799 1266 2840 fuisse
1290 2802 1354 2844 qui
1376 2800 1492 2833 simile
1515 2800 1604 2842 quid
1626 2803 1660 2833 et
1681 2810 1768 2834 suae
1791 2811 1846 2834 co·

141 2859 260 2892 Ioniae
283 2860 318 2891 et
344 2856 622 2901 Tegianensibus
645 2860 927 2899 augur-arentur,
951 2867 998 2891 ese
1021 2858 1089 2890 hac
1111 2857 1348 2900 inscriptione
1372 2857 1532 2899 apparet.

259 2913 398 2948 Titulos
432 2916 472 2947 in
500 2915 700 2957 parietibus
729 2914 1027 2956 Pompeianorum
1059 2915 1177 2958 pictos
1206 2913 1261 2946 vel
1288 2913 1513 2956 scariphatos
1548 2912 1631 2945 dedi
1660 2916 1846 2955 praeterea

140 2982 251 3015 supra
269 2969 314 3005 Ν.
330 2970 410 3005 234.
426 2971 524 3005 4349.
542 2969 644 3005 3822.
660 2968 775 3004 44845.
789 2968 1029 3006 5442-5447.
1043 2970 1148 3004 5484·
1166 2968 1231 3014 (cf.
1246 2969 1334 3004 5497
1349 2972 1423 3003 not.
1436 2969 1487 3013 6).
1510 2969 1614 3003 5725.
1630 2970 1730 3003 6035.
1745 2970 1846 3004 6326.

141 3029 238 3062 6864.
261 3029 361 3070 6575,
391 3027 483 3062 alios
506 3028 596 3061 dabo
621 3026 722 3067 infra
746 3027 860 3059 variis
883 3025 980 3059 Iocis.
