2092 3360
246 161 331 199 244·
991 155 1113 201 Caput
1134 154 1199 206 XI.

246 275 311 318 (cll
337 270 557 315 Buecheler).
582 289 627 295 —
658 270 691 311 3)
715 269 877 312 Apparet
898 268 1111 302 Medaurum
1134 271 1174 302 in
1192 271 1319 312 patm'a
1344 269 1544 303 dedicantis
1570 272 1796 314 potissimum
1819 273 1954 307 cultum

245 344 329 366 esse.
346 349 391 356 —
415 331 451 370 4)
475 329 572 360 Deus
582 328 772 369 praeterea
789 327 946 368 ignotus,
969 326 1043 358 nisi
1065 326 1164 369 quod
1185 327 1224 359 in
1240 326 1361 360 eodem
1386 327 1514 370 templo
1530 327 1738 371 Aesculapii
1752 328 1953 363 Lambaesi-

248 392 333 422 tano
351 388 535 419 inventum
552 386 604 415 est
619 393 706 415 arae
718 381 963 424 fragmentum
978 383 1212 426 inscriptum.-
1227 381 1401 429 Medaulro
1414 383 1501 426 Aug.
1517 382 1522 428 Ι
1538 385 1705 426 s[acru]m
1719 385 1953 431 (W112642).

247 444 446 478 Madaurae
470 440 627 473 civitatis
650 437 844 472 Numidiae
867 449 996 471 nomen
1018 440 1084 472 via:
1107 440 1177 472 huc
1194 441 1365 482 pertinet.
1387 458 1434 464 -—
1458 441 1492 482 5)
1516 449 1535 473 e
1560 440 1730 476 traditur.
1747 460 1791 466 —
1817 442 1850 484 6)
1873 442 1952 479 Scr.

247 501 313 534 cui.
336 518 381 524 —
406 499 440 539 7)
467 495 521 537 Cf:
548 494 685 537 Vergil.
708 495 798 529 Aen.
820 497 852 537 9,
868 495 930 529 447
954 495 1085 541 (Bue.).
1102 513 1148 520 -
1173 496 1206 538 8)
1228 496 1390 539 Apparet
1411 496 1625 530 Medaurum
1647 502 1955 541 repraesentatum

244 555 358 596 fuisse
382 564 472 597 equo
496 552 708 586 insidentem
732 554 767 584 et
791 552 861 585 tela
884 553 1113 588 iaculantem,
1143 570 1190 578 -—
1221 553 1254 595 9)
1278 552 1416 586 Nomen
1441 556 1516 586 eius
1539 556 1603 596 qui
1625 555 1769 589 dedicat
1792 556 1846 588 bis
1869 555 1954 589 data

246 623 354 656 opera
372 620 515 644 erasum
533 611 595 642 est.
630 608 789 651 Legatus
811 610 889 642 sine
912 610 1020 643 dubio
1043 608 1119 650 fuit
1133 607 1337 651 Numidiae,
1359 611 1400 643 in
1416 610 1592 652 legatione
1608 613 1733 646 consul
1747 613 1956 655 desig-natm

244 672 279 702 et
299 679 386 701 mom
410 667 459 701 ad
480 668 597 710 ipsum
620 666 846 700 consulatum
867 668 1054 709 promotus
1071 664 1135 709 (cf.
1152 669 1226 700 not.
1238 665 1308 710 44).
1346 666 1431 700 Cum
1447 669 1486 699 in
1503 666 1642 701 duabus
1658 670 1955 713 inscriptionibus

241 727 370 769 positis
393 734 488 757 anno
513 724 575 758 467
599 733 728 757 nomen
753 723 865 766 legati
887 721 1083 756 Numidiae
1106 733 1248 756 erasum
1270 724 1321 755 sit
1345 721 1451 765 (VIII
1472 725 1573 759 4208.
1596 725 1734 769 47866),
1765 728 1872 759 etiam
1896 727 1956 760 liic

244 782 371 814 titulus
394 780 539 813 videtur
563 781 686 814 eodem
708 779 788 820 fere
811 784 967 823 tempore
987 781 1129 822 positus
1146 791 1229 816 esse.
1248 799 1294 805 —
1320 781 1374 822 10)
1398 780 1431 813 in
1457 780 1603 823 primore
1628 792 1730 826 parus
1754 783 1955 826 exemplum

242 837 422 881 quoddam
452 836 605 871 Reniero
638 839 966 880 subministratum,
999 838 1063 880 qui
1091 838 1167 880 ipse
1194 846 1268 870 non
1298 837 1432 879 legeret
1459 838 1532 870 nisi
1561 838 1596 871 in
1620 839 1728 882 primo
1743 849 1884 875 ....u8.
1909 860 1954 865 —

244 895 299 937 11)
324 894 418 927 Haec
439 898 563 936 postea
587 895 714 928 addita
738 905 811 927 esse
834 897 994 938 apparet,
1019 904 1099 926 cum
1122 895 1155 926 is
1179 895 1243 936 qui
1266 893 1407 926 dedicat
1429 894 1556 926 consul
1577 893 1700 934 factus
1723 900 1823 932 esset.

355 985 470 1032 4882
519 986 560 1027 C.
584 987 803 1027 Turranius
829 986 835 1040 Ι
863 986 904 1027 C.
926 987 952 1026 f.
975 987 1142 1027 Severus
1168 985 1172 1040 Ι
1203 999 1309 1026 evoe.
1333 987 1430 1038 Aug.
1458 984 1462 1039 Ι
1494 982 1662 1042 [LJatrae
1692 1000 1797 1028 aram
1824 988 1830 1044 Ι
1857 1003 1896 1042 p.

356 1056 470 1097 Prope
495 1053 719 1087 Scardonam
741 1054 949 1086 Dalmatiae
972 1063 1047 1096 rep.
1073 1052 1149 1096 (III
1167 1052 1257 1086 2846
1279 1052 1372 1085 vidit
1395 1052 1616 1098 Mommsen).

355 1132 471 1180 4883
522 1134 711 1186 Pupillor.
740 1132 746 1186 Ι
773 1134 990 1174 Moicorum
1017 1131 1023 1188 Ι
1051 1133 1186 1173 liberta
1214 1131 1219 1188 Ι
1248 1134 1412 1173 Dumma
1444 1132 1596 1189 Laltrae
1631 1148 1665 1175 V.
1697 1149 1727 1175 s.
1758 1136 1784 1176 l.
1816 1149 1867 1177 m.

355 1203 470 1245 Pr0pe
493 1200 674 1234 Nedinum
697 1201 904 1234 Dalmatiae
927 1199 1000 1245 (III
1019 1201 1113 1234 2858
1135 1200 1230 1233 vidit
1252 1200 1472 1245 Mommsen).
1497 1221 1541 1226 —
1569 1202 1693 1235 Etiam
1713 1213 1829 1246 prope
1854 1203 1954 1238 Cori-

242 1261 344 1293 nium
367 1258 574 1290 Dalmatiae
603 1257 822 1299 prodierunt
845 1257 945 1290 tituli
967 1257 1102 1290 Latrae
1127 1256 1283 1290 dedicati
1306 1257 1364 1290 111
1386 1258 1421 1292 S.
1437 1258 1532 1292 9970.
1556 1259 1652 1293 9974.

353 1335 470 1383 4884
518 1338 562 1378 L.
585 1338 755 1378 Granius
783 1336 788 1391 Ι
814 1337 1015 1377 Voltimes.
1047 1338 1090 1376 s.¹
1117 1335 1124 1391 Ι
1150 1337 1277 1378 Rufus
1307 1337 1521 1379 Iutossicae
1550 1352 1584 1379 v,
1612 1341 1620 1390 Ι
1645 1355 1676 1381 s.
1707 1342 1732 1381 l.
1762 1355 1814 1382 m.

355 1405 516 1438 Albonae
539 1405 580 1437 in
607 1404 743 1437 Histria
768 1414 859 1447 quae
881 1413 979 1436 nunc
1003 1406 1055 1436 est
1080 1403 1155 1447 (III
1176 1403 1212 1437 S.
1229 1404 1333 1437 40074
1358 1406 1449 1439 vidit
1471 1405 1705 1451 Hirschfeld).
1722 1427 1765 1432 —
1793 1410 1825 1451 1)
1849 1409 1956 1442 Alius

234 1459 458 1496 ‘Voltimesis
481 1454 597 1501 filius'
621 1463 672 1492 est
695 1461 742 1493 io.
766 1471 801 1494 n.
818 1461 936 1494 40070.

353 1539 467 1586 4885
516 1542 717 1581 Santonae
742 1539 749 1596 Ι
776 1542 979 1594 Eutychus
1005 1542 1011 1595 Ι
1038 1554 1071 1580 ν.
1105 1554 1136 1581 s.
1168 1542 1192 1580 l.
1224 1554 1277 1581 m.

356 1607 520 1641 Tersatto
542 1617 655 1651 prope
678 1608 808 1641 Fiume
833 1607 908 1651 (III
927 1608 1018 1643 5026
1043 1609 1097 1640 bis
1120 1608 1176 1641 vel
1199 1610 1253 1640 ter
1276 1608 1485 1651 descripta).

352 1685 468 1732 4886
518 1687 708 1728 Geminus
735 1686 741 1741 Ι
769 1688 948 1728 Boninus
974 1686 980 1742 Ι
1007 1687 1234 1728 Hostiducis
1260 1686 1266 1741 Ι
1294 1688 1493 1728 Sentonae
1521 1687 1526 1743 Ι
1553 1702 1588 1728 v.
1618 1703 1649 1729 s.
1680 1689 1706 1729 1.
1736 1702 1789 1728 m.

353 1755 515 1788 Albonae
540 1753 611 1799 (111
634 1755 671 1788 S.
687 1754 794 1788 40075
819 1756 911 1788 vidit
935 1753 1168 1798 Hirschfeld).
1430 1764 1431 1767 ’

352 1834 468 1881 4887
518 1837 724 1876 Nocturno
752 1834 757 1890 Ι
784 1848 940 1876 sacrum
968 1834 973 1890 Ι
1001 1835 1041 1875 C.
1065 1835 1220 1875 Cassius
1247 1832 1252 1889 Ι
1282 1835 1422 1875 Valens
1448 1835 1454 1888 Ι
1480 1835 1603 1875 benis.
1633 1848 1680 1876 ex
1710 1832 1888 1893 impe[r.]

353 1903 499 1938 Salonis
535 1901 610 1947 (III
629 1903 716 1936 4956
750 1903 843 1936 vidit
876 1903 1098 1943 Mommsen).
1129 1920 1176 1926 —-
1207 1901 1378 1934 Eiusdem
1411 1901 1468 1934 dei
1502 1901 1598 1934 alius
1632 1901 1759 1935 titulus
1792 1913 1868 1946 rep.
1904 1907 1955 1937 est

238 1962 354 2005 Aequi
377 1963 417 1993 in
441 1960 626 1993 Dalmatia
652 1958 723 2004 (III
748 1959 783 1995 S.
798 1959 918 2003 9753).
965 1957 1211 1999 Nocturnum,
1241 1958 1304 1991 sed
1320 1957 1432 2001 plane
1454 1953 1632 1991 incertu'm
1655 1969 1703 1991 an
1727 1960 1833 2002 hunc,
1853 1961 1953 1994 iocu-

242 2018 369 2051 lariter
391 2018 555 2050 nominat
570 2016 720 2049 Plautus
736 2016 914 2059 Amphitr.
931 2015 952 2048 Ι
965 2015 995 2056 4,
1012 2015 1075 2048 446
1093 2014 1206 2059 (272).
1240 2015 1430 2048 Praeterea
1454 2014 1539 2048 deus
1555 2014 1688 2058 aliquis
1712 2016 1867 2049 eiusdem
1889 2027 1953 2051 no-

239 2076 347 2107 minis
369 2076 561 2107 invocatur
576 2074 616 2105 in
634 2072 766 2105 tabella
783 2073 948 2116 plumbea
966 2071 1268 2114 Carthaginiensi,
1294 2081 1401 2114 quam
1425 2071 1537 2104 edidit
1558 2070 1715 2105 Wiinscli
1736 2082 1827 2108 mus.
1842 2072 1951 2108 Rhea.

239 2131 324 2165 4900
346 2141 382 2174 p.
399 2131 464 2164 260
489 2130 731 2177 (Νοκτοῦρνε
762 2130 821 2173 qui
846 2128 1004 2172 possides
1029 2130 1157 2162 tractus
1181 2127 1279 2161 Italic
1304 2130 1339 2161 et
1362 2127 1557 2172 Gampanie,
1588 2128 1646 2172 qui
1669 2131 1799 2163 tractus
1829 2139 1867 2163 es
1891 2140 1952 2173 per

240 2187 464 2221 Acerushium
489 2186 618 2228 lacum,
643 2186 810 2229 perducas
835 2185 878 2218 ad
902 2184 1024 2219 domus
1048 2187 1214 2218 tartareas
1239 2210 1248 2219 .
1265 2210 1274 2219 .
1294 2211 1302 2218 .
1328 2183 1542 2218 Maurussum
1567 2184 1661 2230 cet).

353 2265 469 2312 4888
526 2268 732 2308 Nocturno
760 2264 766 2321 Ι
793 2266 928 2307 Victor
957 2266 1257 2306 Brixianorum
1287 2279 1322 2305 v.
1358 2262 1418 2322 [s.]
1439 2275 1514 2319 (vir
1529 2276 1652 2310 sedens
1667 2286 1777 2310 manu
1791 2278 1859 2312 ein.
1875 2275 1954 2316 for-

242 2338 332 2368 tasse
354 2336 534 2376 sceptrum
559 2333 707 2378 tenens).
1845 2346 1850 2350 >

353 2391 508 2424 Bricciae
533 2389 590 2435 (V
605 2390 694 2424 4287
716 2389 810 2423 vidit
832 2388 1055 2430 Mommsen).
1080 2408 1126 2413 -
1158 2390 1190 2431 1)
1214 2389 1478 2422 Brioeianorum
1500 2400 1624 2422 servus
1648 2387 1859 2432 (publicus).

353 2471 467 2517 4889
516 2472 657 2511 Veicae
684 2469 689 2524 Ι
716 2470 920 2510 Norieeiae
947 2467 952 2524 Ι
980 2473 1024 2509 Α.
1048 2470 1248 2522 Poplicius
1278 2470 1322 2510 D.
1353 2469 1378 2509 l.
1410 2470 1497 2509 A..
1516 2499 1525 2509 .
1553 2467 1559 2524 Ι
1586 2469 1629 2511 Ρ.
1654 2469 1877 2510 Postumius
1907 2469 1950 2509 P.

243 2541 267 2580 1.
299 2541 391 2581 Pau.
453 2540 550 2580 coir.

355 2540 500 2639 Alilcubi
522 2608 562 2639 in
587 2606 724 2639 Histria
751 2604 787 2646 (1
807 2605 903 2638 4465.
930 2603 967 2637 V
983 2604 1046 2638 747
1069 2604 1178 2637 semel
1200 2603 1405 2648 descripta).

355 2697 469 2743 4890
527 2698 769 2739 Seixomniai
795 2695 801 2751 Ι
828 2697 1064 2737 Leuciticai¹
1093 2695 1100 2750 Ι
1126 2697 1294 2736 Polates.

358 2765 400 2797 In
424 2765 562 2798 Histria
580 2775 697 2808 prope
722 2763 882 2807 Roaigno
905 2775 980 2807 rep.
1005 2763 1056 2805 (V
1077 2763 1164 2797 8484
1187 2762 1381 2796 Mommsen
1403 2761 1495 2794 vidit
1517 2762 1710 2805 ectypum).
1736 2778 1783 2786 —
1818 2761 1849 2803 1)
1872 2759 1951 2795 Nu-

242 2823 350 2854 minis
373 2823 555 2855 cuiusdam
581 2822 757 2864 epichorii
779 2831 908 2854 nomen
930 2821 1075 2854 videtur
1100 2819 1302 2861 (Momm-5.)-

356 2899 466 2946 4891
514 2903 675 2943 Numini
705 2899 912 2957 Mellesoco
944 2903 1042 2954 Aug.
1070 2899 1076 2956 Ι
1104 2900 1175 2941 Cn.
1199 2900 1376 2958 Papirius
1402 2901 1408 2949 Ι
1436 2897 1623 2938 Eumelus
1648 2896 1654 2952 Ι
1682 2910 1728 2938 ex
1755 2897 1762 2950 Ι
1787 2903 1892 2938 voto.

357 2969 399 3001 In
423 2968 561 3002 Histria
585 2970 662 3003 loco
686 2969 782 3002 dicto
801 2968 916 3002 Castel
937 2978 1054 3001 nuovo
1080 2967 1128 3001 ad
1152 2967 1316 3000 dextram
1340 2964 1478 2999 canalis
1492 2965 1621 2998 Arsiae
1644 2963 1799 3005 (V8127
1822 2965 1875 2998 bis
1891 2964 1951 2998 vol

243 3024 349 3057 semel
372 3025 582 3068 descripta).
