2092 3360
494 170 610 207 'rituli
632 170 883 218 municipales.
898 191 945 198 -
968 171 1048 208 Lex
1069 172 1260 219 municipii
1275 172 1502 211 Malacitani.
1780 169 1863 214 519

266 285 383 329 Ptope
405 284 583 319 Malacam
606 296 679 329 rep.
703 296 738 321 a.
754 287 838 321 1851
870 297 944 320 una
970 297 1049 320 cum
1074 286 1222 322 N.6089
1250 291 1286 321 et
1307 299 1382 322 una
1407 299 1487 322 cum
1512 299 1551 323 eo
1577 288 1776 331 adservata,
1810 293 1866 323 la-

151 342 234 377 bula
260 353 371 375 aenea
395 340 450 385 (ΙΙ
472 342 559 376 4965
588 342 682 377 adid.
709 345 852 386 primus
875 343 1074 387 Bor-langa,
1107 344 1308 378 illustravit
1331 345 1524 379 Mommsen
1556 345 1615 380 dic
1637 345 1864 381 Stadtrecltto

150 400 216 433 der·
239 399 453 432 latinischen
472 399 684 433 Gemcinden
710 399 882 443 Salpensa
906 400 984 434 und
1007 400 1148 435 Malaca
1172 401 1283 446 [Aba.
1307 401 1372 435 der
1390 402 1581 446 philslzisl.
1600 403 1647 437 01.
1664 403 1729 437 der
1743 404 1862 439 sache.

152 456 337 491 Gcscllsclt.
363 456 397 491 d.
424 455 530 490 Win.
547 457 584 499 2,
607 456 694 491 4857
715 468 751 500 p.
765 458 831 492 374
844 456 963 502 squ).
1010 458 1100 491 Pars
1131 461 1184 491 est
1212 458 1302 502 logie
1333 461 1528 503 municipio
1559 459 1690 494 Flavio
1714 459 1863 504 Salpen-

148 525 238 547 sano
263 513 362 555 (vido
385 523 463 556 cap.
479 514 535 546 28.
552 512 615 558 29)
641 514 748 547 datae
772 514 867 559 (cap.
883 515 945 559 26)
972 516 1189 557 temporibus
1211 515 1432 557 Domitiani,
1456 520 1539 549 ante
1563 526 1698 550 annum
1714 518 1768 559 84,
1793 527 1862 561 quo

149 573 182 604 ie
200 571 432 604 Germanicus
455 569 530 603 dici
546 574 688 614 coeptus
704 574 772 613 ost,
791 571 918 615 paullo
941 574 1130 615 postquam
1147 571 1320 616 Salpensa
1345 572 1526 616 oppidum,
1550 573 1648 617 quod
1662 574 1702 607 in
1717 573 1864 608 Baetica

149 626 262 668 fuisso
283 638 396 671 prope
422 625 598 668 Uer-eram,
622 628 667 661 20
691 626 770 667 sero
791 638 838 660 m.
858 637 895 671 p.
921 629 965 661 ab
991 628 1141 671 Hispali,
1166 629 1265 662 tituli
1288 628 1328 662 ΙΙ
1339 629 1438 663 4284.
1455 629 1544 664 4286
1568 630 1764 672 declarant,
1788 641 1862 663 una

149 695 230 719 cum
253 683 403 727 reliquis
419 683 615 726 Hispaniae
640 684 781 728 oppidis
797 684 906 724 (Ptin.
925 684 958 718 Ιι.
974 694 1010 719 n.
1025 685 1062 726 ὅ,
1076 684 1140 729 50)
1165 687 1223 718 ius
1243 685 1346 719 Latii
1369 697 1391 718 a
1418 686 1638 729 Vespasiano
1662 690 1861 730 acceperat.

150 741 333 784 Quomodo
364 740 503 781 facturn
533 742 592 784 sit,
622 745 665 774 ut
690 752 777 785 pars
808 741 897 784 legis
920 740 1163 783 Salpensanae
1192 745 1336 784 reperta
1358 743 1407 774 eit
1428 742 1603 785 Malacae,
1636 743 1713 777 loco
1737 755 1759 777 a
1785 743 1863 778 Sal-

144 809 258 842 pensa
283 798 522 841 complurium
546 798 686 831 dierum
710 799 840 831 itinere
865 797 963 841 (plus
986 799 1106 845 minus
1131 801 1271 831 centum
1295 798 1371 832 mil.
1389 799 1581 844 passuum)
1615 800 1782 843 distante,
1806 803 1860 834 in·

147 859 286 888 certum
317 858 370 887 est
405 853 575 895 (fortasse
605 855 664 888 lex
692 854 854 888 Malacae
885 856 926 887 in
955 865 1037 888 aere
1067 857 1215 897 incisa„
1233 865 1318 900 npm
1349 865 1421 888 non
1451 857 1492 888 in
1524 858 1688 890 omnibus
1722 857 1863 901 oppidis

146 911 273 952 fabros
297 914 460 945 aerarios
484 910 597 951 fuisso
620 911 689 944 tale
711 913 813 954 operi
827 914 931 954 aptos
955 914 1229 945 consentaneum
1246 915 1308 953 eet,
1332 922 1527 956 numquam
1552 913 1762 958 Salpensam
1779 925 1861 958 per·

146 971 265 1010 voni&
301 968 501 1012 exemplum
530 970 633 1001 cuiue
662 972 803 1010 partem
832 970 1000 1002 habemus
1030 978 1225 1012 numquam
1252 969 1396 1012 publice
1422 972 1648 1013 propositum
1673 968 1786 1010 fuisse
1811 972 1862 1003 vi·

147 1026 254 1059 detur
277 1026 442 1059 indicare
466 1025 669 1059 Domitiani
690 1036 817 1059 nomen
842 1025 1036 1069 illaesum).

641 1288 747 1337 Lex
782 1289 1029 1353 municipii
1062 1289 1358 1339 Malacitani.

259 1387 374 1435 6089
434 1386 497 1446 [R.
541 1389 606 1430 De
635 1393 984 1432 nominatione
1014 1391 1411 1432 candidatorum.

259 1458 324 1499 LI.
383 1458 430 1499 Sa·
465 1459 515 1499 ad
554 1471 662 1513 quem
701 1459 799 1500 diem
838 1456 1044 1516 professio]
1089 1458 1094 1514 Ι
1135 1461 1220 1500 fieri
1253 1458 1472 1512 oportebit,
1512 1459 1660 1500 nullius
1695 1460 1858 1501 nomine

145 1534 214 1568 aut
237 1530 245 1581 Ι
270 1527 522 1580 pauciorum,
554 1539 673 1579 quam
703 1534 763 1568 tot
793 1528 899 1580 quod
931 1529 1056 1568 creari
1087 1526 1313 1584 oporltebit‚
1350 1524 1573 1584 pr[o]fessio
1605 1528 1705 1568 facta
1736 1525 1858 1585 eri[t],

146 1596 226 1636 sive
256 1609 304 1636 cx
334 1595 407 1643 his,
437 1593 442 1649 Ι
469 1607 640 1648 quorum
673 1596 834 1636 nomine
863 1597 1060 1649 professio
1091 1597 1191 1637 facta
1222 1596 1310 1645 erit,
1338 1594 1344 1652 Ι
1371 1596 1580 1649 pauciores
1610 1603 1728 1637 crunt
1758 1610 1857 1650 quo-

146 1676 235 1704 rum
264 1664 304 1704 h.
325 1663 366 1704 l.¹
397 1663 565 1704 comitiis
587 1661 794 1719 raltionem
814 1664 961 1705 habere
982 1670 1176 1717 oporteat,
1209 1676 1327 1717 quam
1347 1664 1431 1705 tot²
1464 1661 1604 1720 crelari
1635 1665 1856 1718 oportebit:

90 1777 93 1779 ,
145 1739 229 1772 tum
262 1732 295 1772 is
325 1732 392 1784 qui
424 1732 585 1772 comitia
611 1729 771 1787 halbere
801 1732 962 1773 debebit
992 1732 1245 1786 proscribito‚
1277 1733 1328 1772 ita
1359 1746 1399 1772 u.
1421 1733 1458 1772 d.
1489 1745 1528 1785 p.
1560 1745 1592 1772 r.
1617 1733 1642 1773 l.
1673 1728 1740 1786 p.³‚
1767 1732 1772 1788 Ι
1800 1740 1859 1774 tot

149 1800 312 1840 nomina
350 1812 506 1847 eorum,
544 1800 689 1852 quibus
726 1813 799 1853 per
834 1801 873 1840 h.
905 1801 947 1841 l.⁴
984 1799 990 1856 Ι
1031 1814 1120 1841 eum
1160 1802 1356 1841 honorem
1393 1808 1528 1854 petere
1562 1801 1714 1850 licebit,
1752 1802 1858 1854 quod

148 1865 309 1919 delrunt
343 1868 392 1908 ad
422 1881 511 1909 eum
543 1881 771 1918 numerum,
807 1869 855 1909 ad
887 1882 1003 1922 quem
1035 1866 1174 1925 crealri
1211 1883 1259 1910 ex
1293 1870 1332 1910 h.
1365 1870 1390 1910 l.
1427 1868 1638 1922 oportebit.
1699 1870 1776 1916 Qui
1806 1871 1860 1910 ita

148 1936 361 1991 proscripti
389 1934 395 1990 Ι
421 1943 552 1986 erunt,
582 1937 629 1985 ii,
660 1937 692 1978 si
722 1937 867 1986 volent,
897 1945 993 1990 aput
1023 1951 1132 1988 eum,
1164 1939 1232 1991 qui
1262 1950 1308 1978 ea
1338 1935 1504 1992 coimitia
1534 1937 1742 1979 habiturus
1772 1939 1858 1988 erit,

148 2004 295 2057 singuli
326 2003 518 2059 singullos
548 2005 777 2046 eiiusdem⁴·
808 2006 1088 2047 condiciones⁵
1121 2007 1338 2055 nominato,
1369 2005 1374 2060 Ι
1404 2006 1495 2058 ique
1526 2005 1638 2052 item,
1675 2006 1743 2058 qui
1773 2013 1858 2047 tum

148 2073 197 2113 ab
228 2073 262 2113 is
293 2073 484 2112 nominati
516 2080 647 2121 erunt,
677 2073 709 2114 si
736 2072 742 2127 Ι
771 2073 914 2122 volent,
945 2074 1092 2126 singuli
1122 2075 1301 2126 singulos
1330 2081 1426 2132 aput
1456 2071 1640 2129 eunldem
1671 2075 1858 2115 eandem·

149 2154 226 2194 que
253 2145 337 2186 (sic)
378 2141 614 2181 condicione
652 2139 892 2199 nomina1t0;
936 2142 1062 2195 isque,
1108 2150 1205 2196 aput
1241 2156 1359 2196 quem
1400 2155 1445 2183 ea
1485 2142 1704 2182 nominatio
1745 2140 1858 2191 facita

149 2210 237 2259 erit,
276 2221 415 2249 eorum
447 2209 625 2250 omnium
657 2210 817 2250 nomina
847 2208 1073 2266 prolponito
1110 2212 1161 2252 ita
1192 2212 1259 2252 ut⁶
1295 2225 1332 2252 u.
1364 2211 1401 2252 d,
1432 2224 1471 2264 p.
1504 2223 1536 2251 r.
1568 2211 1594 2251 l.
1625 2211 1694 2264 μ’,
1731 2212 1858 2264 deque

148 2278 182 2319 is
212 2275 416 2332 omlnibus
445 2277 537 2317 item
569 2278 726 2319 comitia
757 2277 914 2328 habeto,
943 2280 1111 2332 perinde
1152 2277 1179 2333 Ι*
1198 2291 1243 2320 ac
1273 2280 1306 2320 si
1337 2291 1474 2320 eorum
1505 2291 1665 2332 quoque
1696 2281 1859 2320 nomine

147 2359 195 2387 ex
215 2347 255 2386 h.
277 2346 302 2385 1.
324 2346 372 2385 de
399 2343 405 2399 Ι
432 2345 604 2398 petendo
636 2347 789 2386 honore
810 2347 1004 2399 professio
1027 2348 1128 2388 facta
1148 2354 1252 2388 esset
1277 2346 1284 2402 Ι
1310 2348 1413 2388 intra
1443 2347 1720 2400 praestitutum
1741 2347 1858 2397 diem,

148 2421 364 2468 petereque
390 2412 397 2467 Ι
424 2425 514 2453 eum
546 2413 739 2454 honorem
769 2427 839 2455 sua
868 2423 1010 2468 sponte
1040 2415 1259 2469 cepissens'
1299 2413 1444 2471 nelque
1475 2428 1522 2455 eo
1552 2415 1758 2468 proposito
1789 2416 1858 2456 de-

147 2482 350 2523 stitissent.
378 2479 384 2536 Ι
643 2488 646 2491 “

205 2574 254 2614 R.
295 2573 361 2614 De
391 2572 617 2613 comitiis
646 2572 908 2614 habendis.
934 2574 941 2626 Ι

262 2641 342 2685 Lu,
405 2641 462 2681 Ex
494 2640 622 2681 llviris
653 2641 720 2692 qui
752 2655 860 2683 nunc
879 2649 986 2691 sunt,
1017 2644 1111 2683 item
1132 2656 1178 2683 ex
1200 2643 1245 2691 is,
1277 2642 1345 2695 qui
1371 2641 1376 2696 Ι
1405 2641 1594 2695 deinceps
1624 2641 1663 2681 in
1697 2655 1744 2682 eo
1769 2654 1858 2683 mu-

150 2710 298 2763 nicipio
329 2709 436 2750 uviri
465 2716 597 2758 erunt,
624 2707 630 2764 Ι
658 2717 746 2750 uter
775 2710 900 2751 maior
930 2717 1024 2752 natu
1055 2712 1142 2761 erit,
1173 2718 1252 2759 aut,
1283 2711 1315 2751 si
1337 2710 1371 2750 ei
1393 2722 1508 2750 causa
1541 2707 1653 2764 qulae
1674 2709 1859 2750 inciderit

150 2774 189 2830 q.
211 2777 280 2818 m.⁸
310 2778 467 2819 comitia
496 2778 643 2819 habere
674 2775 824 2831 poslsit‚
853 2785 936 2819 tum
958 2779 1056 2819 alter
1085 2792 1132 2819 ex
1157 2779 1218 2819 his
1238 2778 1395 2819 comitia
1417 2777 1538 2825 11vir.‚
1570 2778 1663 2818 item
1689 2777 1696 2831 Ι
1722 2778 1858 2819 aedili-

151 2845 237 2895 bus,
282 2845 375 2885 itcm
412 2847 689 2898 quaestoribus
724 2845 911 2899 rogandis
950 2844 956 2902 Ι
996 2846 1260 2899 subrogandis
1298 2846 1335 2886 h.
1368 2845 1394 2886 1.
1425 2844 1593 2894 habeto;
1639 2845 1774 2899 utique
1812 2859 1856 2886 ea

267 2981 299 3023 1)
331 2980 406 3013 Hac
429 2981 516 3024 lege.
555 3000 598 3006 —
640 2983 672 3022 2)
702 2980 821 3014 Insere
846 2984 942 3024 quot.
980 2999 1026 3006 -—
1065 2983 1100 3024 3)
1135 2981 1179 3017 Ut
1207 2981 1250 3014 dc
1277 2980 1386 3024 plano
1417 2983 1513 3013 recle
1543 2979 1616 3022 legi
1636 2955 1788 3022 possint.
1811 2998 1858 3006 —

151 3038 186 3078 4)
211 3037 312 3071 Hanc
328 3036 449 3080 legem.
463 3056 509 3062 -—
531 3039 583 3080 4¹)
609 3036 663 3076 Cf.
680 3040 753 3071 not.
766 3038 798 3071 9.
815 3056 861 3061 —
885 3038 919 3079 5)
937 3037 1174 3072 Condicionis.
1190 3057 1235 3063 —-
1259 3039 1293 3079 6)
1317 3036 1402 3069 Dete
1426 3040 1474 3070 ut.
1492 3054 1537 3061 —
1562 3037 1595 3077 7)
1622 3034 1698 3069 Ser.
1722 3035 1859 3079 coepis-

151 3095 238 3127 sent.
262 3111 309 3119 —
335 3094 370 3135 8)
393 3093 599 3135 Quominus.
