2092 3360
261 196 341 235 150
1003 192 1124 239 Caput
1146 192 1212 228 XI.

257 309 406 357 sunclcui
431 311 532 353 lapis.
549 327 595 334 —
619 309 653 350 6)
672 305 724 348 ΟΙῘ
742 306 787 341 Ν.
803 306 903 341 4454.
920 326 962 331 -
987 308 1022 349 7)
1044 307 1290 350 Promagister
1305 307 1627 351 quindecimvirum
1642 308 1757 340 saeris
1771 305 1969 347 faciundis.
2042 335 2046 338 .

255 385 302 392 —-
326 369 359 405 8)
383 368 455 400 Par
479 366 663 399 consulum
686 364 919 405 suffectorum
938 367 1128 406 praeterea
1155 366 1329 406 ignotum.

368 444 483 490 4176
521 447 564 486 P.
587 445 643 486 Cl.
666 445 708 485 P.
731 446 756 485 f.
779 445 914 485 Horat.
942 443 948 499 Ι
975 445 1265 486 Abascantiano
1293 442 1300 500 Ι
1324 445 1377 485 fil.
1399 441 1637 498 dulcissilmo
1666 444 1708 484 P.
1729 444 1785 484 Cl.
1812 443 1819 497 Ι
1845 443 1969 485 Abas-

256 516 409 554 cantus¹
436 512 443 566 Ι
470 518 595 565 pater,
622 511 628 566 Ι
656 525 722 564 qq.
740 512 775 552 Π
806 526 914 566 corp.
948 510 1285 566 dendrolphorum
1317 513 1486 553 Ostiens.
1527 517 1586 558 (In
1610 517 1721 550 latero
1744 516 1890 561 dextro)
1915 510 1968 552 M.

254 582 396 621 Antius
417 580 609 621 Crescens
639 577 978 637 Calpurlnianus²‚
1010 581 1153 634 pontif.
1174 580 1285 621 Volk.
1313 578 1319 636 Ι
1346 586 1385 620 et
1413 580 1567 620 aedium
1598 580 1760 622 sacrar.³
1788 577 1970 632 statulam

254 650 350 702 poni
378 649 419 689 in
447 661 586 703 campo
606 648 743 690 Matris
770 648 776 703 Ι
802 650 918 690 deum
948 649 1169 690 infantilem
1197 649 1370 701 permisi,
1398 647 1403 703 Ι
1431 647 1537 688 Vllll
1558 648 1634 689 kal.
1650 647 1773 701 April.
1800 645 1808 703 Ι
1834 643 1968 703 [Plau-

254 714 399 773 tiano]⁴
429 716 465 756 ΙΙ
496 722 535 757 et
565 716 686 757 Geta⁴
715 718 751 757 lI
782 730 863 758 cos.

372 783 493 816 Ostiae
516 794 591 827 rep.
616 785 669 817 ibi
691 783 770 824 fere
792 786 857 818 ubi
881 783 924 818 N.
941 784 1028 818 4475
1053 783 1162 827 (XIV
1168 784 1239 818 524
1262 783 1367 825 vidi).
1391 802 1436 807 —
1463 784 1494 824 1)
1517 782 1572 815 De
1595 783 1662 816 Ιιοο
1687 783 1837 817 Claudio
1855 783 1969 816 Abas-

253 843 359 873 canto
385 838 432 880 cf.
450 840 500 873 ad
512 840 599 875 XIV
612 841 695 875 328.
720 861 764 866 -
791 842 823 884 2)
850 841 905 882 Cf.
930 852 1041 885 supra
1065 840 1111 876 Ν.
1128 840 1224 874 4454.
1240 859 1285 865 -
1309 841 1343 883 3)
1367 839 1527 874 Similem
1547 841 1763 882 permissum
1785 838 1970 883 pontificis

254 896 408 930 Volcani
427 896 599 930 Ostiensis
623 899 731 931 habes
753 897 857 939 infra
881 898 927 932 Ν.
944 899 1043 932 4402.
1080 898 1132 930 De
1153 896 1370 940 pontificatu
1389 896 1543 931 Volcani
1567 899 1602 929 et
1622 896 1765 930 aedium
1779 904 1969 929 sacr-amm

256 953 410 986 Ostiensi
433 953 482 994 ef:
509 954 594 987 CIL.
612 954 699 989 XIV
718 966 754 998 p.
769 957 803 989 ὅ.
820 974 865 980 -
890 956 923 997 4)
946 956 1131 988 Plautiani
1146 963 1274 986 nomen
1291 963 1445 995 erasum,
1472 952 1583 987 Getae
1597 964 1730 987 rasura
1746 954 1969 995 temptatum,

253 1011 320 1042 hoe
343 1022 485 1052 errore;
509 1021 593 1044 nam
619 1010 707 1045 Geta
729 1013 788 1045 lzic
810 1012 929 1052 frater
951 1011 1117 1054 Septimii
1133 1010 1257 1044 Severi
1276 1009 1362 1052 suit,
1385 1021 1459 1043 non
1480 1010 1580 1051 filius
1603 1009 1669 1051 (ef.
1688 1020 1800 1053 supra
1817 1007 1862 1042 Ν.
1878 1007 1971 1044 2465

251 1069 325 1100 not.
343 1067 395 1110 2).
444 1067 688 1109 significatur
710 1079 827 1102 annus
851 1070 932 1110 205,
965 1068 1042 1101 dies
1066 1069 1130 1111 qui
1149 1069 1347 1110 praecessit
1368 1067 1525 1107 Hilario,
1550 1065 1597 1107 os:
1623 1067 1673 1100 ad
1694 1066 1738 1101 N.
1754 1066 1854 1101 4159.

364 1128 478 1192 4177
514 1149 558 1189 T.
576 1129 705 1191 Altius
725 1150 770 1190 T.
793 1150 817 1190 l.
840 1151 1006 1190 Atianus
1032 1147 1037 1204 Ι
1066 1153 1200 1197 (soleae
1224 1153 1332 1197 duae)
1358 1160 1436 1189 sao.
1460 1149 1572 1188 Matr.
1594 1161 1697 1201 mag.
1716 1142 1967 1204 Ves[ti]nar.}

252 1229 298 1256 ex
328 1216 560 1257 Victoriae¹.

365 1284 608 1317 Interamnine
631 1285 967 1319 Praetntaanorum
999 1283 1068 1328 (IX
1087 1285 1173 1319 5064
1205 1284 1298 1317 vidit
1319 1284 1492 1329 Dressel).
1528 1302 1572 1308 —
1611 1285 1643 1326 1)
1667 1284 1762 1317 Haeo
1794 1284 1971 1324 obseura,-

251 1340 528 1382 explicationem
553 1343 741 1383 temptavit
762 1341 955 1375 Mommsen
980 1341 1001 1375 l.
1025 1351 1053 1374 e.

363 1419 483 1467 4178
540 1423 584 1462 L.
617 1423 785 1464 Pacilius
815 1423 931 1463 Taur.
959 1423 967 1476 Ι
993 1435 1072 1463 sac.
1105 1422 1218 1462 Matr.
1248 1434 1381 1475 magn.
1412 1427 1451 1462 et
1477 1420 1482 1477 Ι
1510 1422 1646 1462 Suriae
1676 1421 1771 1462 deae
1802 1426 1842 1462 et
1869 1419 1966 1477 sac}-

251 1501 332 1529 ror.
362 1489 489 1538 Isidis,
527 1502 561 1530 v.
593 1503 627 1530 a.
660 1491 772 1539 LXV,
808 1488 813 1546 Ι
849 1497 889 1531 et
919 1491 963 1530 L.
995 1490 1189 1531 Publilius
1219 1491 1368 1530 Auctus
1403 1487 1408 1545 Ι
1442 1495 1555 1543 pater
1585 1490 1682 1539 eius,
1719 1502 1754 1530 v.
1784 1502 1819 1530 a.
1851 1488 1966 1539 Lxx,

253 1563 292 1597 et
320 1555 325 1610 Ι
352 1557 519 1597 Publilia
549 1558 594 1598 L.
624 1559 650 1598 l.
682 1559 777 1599 Nice
807 1564 935 1598 mater
960 1556 966 1614 Ι
994 1559 1091 1607 eius,
1122 1571 1157 1597 v.
1188 1570 1222 1597 a.
1255 1557 1296 1606 C,
1327 1558 1366 1598 h.
1398 1571 1426 1601 s,
1461 1558 1507 1598 s.¹

363 1624 480 1666 Prope
496 1625 730 1657 Brundisium
753 1636 827 1667 rep.
854 1624 922 1666 (IX
934 1626 1020 1659 6099
1044 1625 1237 1658 Mommsen
1260 1625 1354 1657 vidit
1370 1624 1565 1670 eetypum).
1584 1644 1624 1650 -
1652 1626 1686 1666 1)
1710 1625 1777 1658 Hie
1792 1625 1856 1657 siti
1870 1626 1966 1658 eunt.

253 1774 395 1823 belae²‚
426 1772 713 1831 benemelrenti
744 1774 937 1814 fecerunt.

363 1839 496 1874 Romae
522 1840 592 1884 (Vl
617 1842 706 1874 2265
731 1841 923 1883 aliquoties
946 1841 1125 1883 descripta
1155 1851 1246 1874 saec.
1270 1839 1402 1882 XVII).
1434 1859 1480 1865 -
1514 1842 1545 1881 1)
1569 1839 1709 1874 Nomen
1732 1851 1806 1875 non
1830 1843 1967 1875 certum

250 1898 414 1937 (variant
431 1898 672 1942 apographa).
689 1916 736 1922 -
760 1898 793 1940 2)
818 1897 967 1931 Sodales
984 1897 1174 1931 bellatores
1192 1897 1343 1941 Cybelae
1358 1898 1529 1931 videntur
1545 1908 1617 1930 esse
1637 1898 1727 1932 dicti
1750 1909 1772 1931 a
1797 1897 1966 1932 bollando

247 1956 322 1986 sive
342 1955 510 1987 saltando
534 1954 687 1994 (Henz.).

362 2022 478 2068 4180
512 2055 521 2064 .
540 2055 550 2064 .
569 2054 578 2064 .
598 2054 607 2064 .
626 2024 789 2065 elsinius
810 2024 1054 2077 Capitolinus
1084 2037 1132 2064 ex
1162 2023 1290 2077 aede}
1318 2024 1525 2064 Bellonaes
1555 2024 1794 2066 Pulvinesis¹
1824 2025 1965 2066 fanati-

249 2104 332 2141 cus,
361 2090 366 2145 Ι
393 2092 443 2132 Μ.
474 2093 530 2132 (1.2
558 2092 596 2132 (1.
627 2092 665 2132 d.

362 2158 505 2201 Romae,
528 2161 592 2193 sub
617 2162 721 2202 signo
746 2162 934 2193 matronae
957 2159 1111 2192 sedentis
1136 2158 1208 2202 (VI
1227 2160 1291 2192 490
1314 2160 1471 2192 servavit
1492 2158 1689 2203 Fabretti).
1713 2177 1760 2183 —
1787 2159 1821 2202 1)
1845 2158 1966 2192 Pulvi-

250 2216 430 2247 vinensem
455 2215 640 2250 Bellonam
670 2216 727 2249 vel
756 2219 849 2249 certe
879 2216 998 2249 aedem
1029 2217 1106 2248 eius
1136 2215 1269 2248 dietam
1295 2218 1405 2258 putat
1427 2214 1622 2249 Mommsen
1646 2215 1714 2260 (ad
1737 2215 1790 2250 VI
1810 2215 1832 2249 l.
1850 2215 1909 2260 c.)‚
1941 2226 1965 2250 a

247 2271 434 2313 pulvinari
456 2273 546 2306 circi
567 2277 759 2316 propterea
784 2273 882 2316 quod
902 2283 943 2306 ea
969 2272 1073 2305 aedes
1096 2273 1167 2305 sita
1191 2270 1309 2311 suem}
1327 2282 1442 2315 prope
1461 2272 1636 2315 pulvinar
1659 2273 1752 2305 σίν-οἰ
1772 2271 1964 2307 Flaminii.

247 2346 294 2350 —
318 2328 350 2368 2)
376 2327 489 2360 Matri
513 2329 627 2363 deum.

361 2395 472 2443 4181
516 2399 562 2446 Q.
585 2394 716 2439 Caelio
737 2399 984 2453 Appollinari
1002 2402 1086 2447 (sic)
1116 2396 1121 2452 Ι
1147 2399 1317 2438 fanatico
1339 2398 1387 2438 de
1408 2398 1503 2439 aede
1529 2398 1536 2452 Ι
1564 2399 1749 2440 Bellonae
1769 2399 1963 2456 Pulvin.,{

249 2466 362 2507 cuius
393 2468 545 2507 monito
569 2461 654 2517 (sic)
685 2468 797 2509 hasta
823 2467 830 2520 Ι
857 2468 896 2508 in
927 2468 1023 2507 aede
1049 2465 1054 2522 Ι
1083 2467 1245 2507 Bellona
1271 2471 1356 2515 (sic)
1387 2467 1426 2507 in
1448 2467 1539 2507 luco
1565 2466 1572 2522 Ι
1599 2467 1725 2508 dicata
1745 2473 1816 2516 est,
1842 2466 1850 2519 Ι
1876 2467 1963 2508 Fir-

248 2534 324 2574 mia
354 2534 487 2587 Tyche
524 2534 530 2589 Ι
565 2536 726 2589 coniugi
756 2549 828 2577 suo
860 2535 1135 2576 benemerenti
1171 2533 1176 2590 Ι
1210 2535 1285 2577 sibi
1315 2536 1563 2589 posterisque
1593 2536 1675 2577 suis
1699 2534 1708 2590 Ι
1733 2536 1843 2586 fecit,
1883 2542 1924 2577 et
1953 2533 1961 2591 Ι
2020 2558 2023 2560 -

249 2600 414 2642 Firmiae
446 2603 631 2644 Euresini
662 2604 729 2644 lib.
761 2603 801 2644 h.
831 2616 908 2654 m.;
935 2602 941 2659 Ι
967 2605 1042 2644 vix.
1074 2617 1138 2645 an.
1170 2604 1330 2646 XXXlX
1358 2617 1434 2645 me.
1466 2604 1497 2644 V
1527 2604 1564 2644 d.
1595 2603 1714 2644 XXII.

362 2668 493 2701 Romae
517 2669 589 2707 (VI
608 2671 707 2705 2252
732 2671 825 2704 vidit
847 2671 1019 2715 nmen).

359 2747 496 2794 4181²²
529 2760 604 2804 (vir
621 2763 744 2795 tunica
770 2766 805 2795 et
827 2763 1013 2807 chlamyde
1029 2763 1190 2804 indutus,
1217 2763 1345 2796 dextra
1361 2772 1514 2804 ramum,
1536 2763 1605 2798 sin.
1625 2765 1794 2806 pateram
1816 2766 1962 2805 tmm5

247 2820 317 2854 duo
335 2821 460 2866 cultri)
492 2818 529 2858 d.
552 2830 602 2858 m.
630 2818 635 2874 Ι
663 2819 707 2859 L.
730 2820 914 2861 Cornelio
936 2821 1121 2862 Ianuario
1149 2818 1155 2874 Ι
1182 2820 1352 2861 fanatico
1373 2819 1422 2859 ab
1443 2818 1515 2860 Isis
1536 2819 1696 2873 Serapis
1720 2820 1728 2875 Ι
1753 2820 1802 2862 ab
1822 2821 1960 2862 aedem

248 2883 412 2925 Bellone
442 2885 642 2935 Rufiliae¹,
675 2884 681 2942 Ι
722 2900 756 2928 v.
788 2900 822 2928 a.
853 2887 960 2929 XXII
990 2901 1044 2929 m.
1074 2888 1127 2929 XI
1165 2889 1203 2929 d.
1233 2887 1343 2937 XXI,
1382 2888 1456 2928 fec.
1497 2884 1505 2941 Ι
1545 2887 1586 2929 C.
1618 2888 1788 2931 Calidius
1817 2888 1959 2931 Custos

246 2951 371 2991 amico
400 2950 406 3007 Ι
432 2952 471 2992 1).
502 2966 554 2993 m.

352 3017 483 3052 Romae
507 3019 579 3063 (VI
593 3021 686 3056 2234
708 3022 802 3055 vidit
824 3022 867 3055 de
883 3021 1016 3067 Ros-si).
1034 3042 1077 3047 —
1104 3023 1137 3066 1)
1160 3022 1273 3057 Aedes
1289 3021 1464 3066 quaedam
1480 3022 1651 3057 Bellonae
1664 3025 1737 3058 sita
1754 3025 1794 3058 in
1807 3026 1958 3068 regione

248 3073 316 3106 Isis
338 3077 374 3106 et
398 3075 544 3127 Serapis
563 3077 711 3129 videtur·
733 3079 903 3130 indie-ani.
919 3129 950 3131 -.
982 3129 986 3131 λ
