<?xml version="1.0" encoding="UTF-8"?>
<!DOCTYPE html PUBLIC "-//W3C//DTD XHTML 1.0 Transitional//EN"
    "http://www.w3.org/TR/xhtml1/DTD/xhtml1-transitional.dtd">
<html xmlns="http://www.w3.org/1999/xhtml" xml:lang="en" lang="en">
 <head>
  <title>
</title>
<meta http-equiv="Content-Type" content="text/html;charset=utf-8" />
  <meta name='ocr-system' content='tesseract 3.04.00' />
  <meta name='ocr-capabilities' content='ocr_page ocr_carea ocr_par ocr_line ocrx_word'/>
</head>
<body>
  <div class='ocr_page' id='page_1' title='image "./inscriptioneslat21dessuoft_0207.png"; bbox 0 0 2092 3360; ppageno 0'>
   <div class='ocr_carea' id='block_1_1' title="bbox 0 2893 35 3360">
    <p class='ocr_par' dir='ltr' id='par_1_1' title="bbox 0 2893 35 3360">
     <span class='ocr_line' id='line_1_1' title="bbox 0 2893 35 3360; baseline 0 0"><span class='ocrx_word' id='word_1_1' title='bbox 0 2893 35 3360; x_wconf 95' lang='lat' dir='ltr'><strong><em> </em></strong></span> 
     </span>
    </p>
   </div>
   <div class='ocr_carea' id='block_1_2' title="bbox 503 155 1868 197">
    <p class='ocr_par' dir='ltr' id='par_1_2' title="bbox 503 155 1868 197">
     <span class='ocr_line' id='line_1_2' title="bbox 503 155 1868 197; baseline 0.003 -4"><span class='ocrx_word' id='word_1_2' title='bbox 503 156 621 194; x_wconf 81' lang='lat' dir='ltr'><strong>Tituli</strong></span> <span class='ocrx_word' id='word_1_3' title='bbox 644 155 743 193; x_wconf 71' lang='lat' dir='ltr'><strong><em>sacri</em></strong></span> <span class='ocrx_word' id='word_1_4' title='bbox 765 158 804 194; x_wconf 77' lang='lat' dir='ltr'><strong><em>et</em></strong></span> <span class='ocrx_word' id='word_1_5' title='bbox 827 156 1071 194; x_wconf 72' lang='lat' dir='ltr'><strong><em>sacerdotum.</em></strong></span> <span class='ocrx_word' id='word_1_6' title='bbox 1096 177 1141 183; x_wconf 93' lang='lat'><strong>—</strong></span> <span class='ocrx_word' id='word_1_7' title='bbox 1164 156 1325 194; x_wconf 77' lang='lat' dir='ltr'><strong><em>Numine.</em></strong></span> <span class='ocrx_word' id='word_1_8' title='bbox 1347 156 1508 195; x_wconf 67' lang='lat' dir='ltr'><strong><em>Africae.</em></strong></span> <span class='ocrx_word' id='word_1_9' title='bbox 1788 159 1868 197; x_wconf 84' lang='lat'><strong><em>197</em></strong></span> 
     </span>
    </p>
   </div>
   <div class='ocr_carea' id='block_1_3' title="bbox 150 267 1870 396">
    <p class='ocr_par' dir='ltr' id='par_1_3' title="bbox 150 267 1870 396">
     <span class='ocr_line' id='line_1_3' title="bbox 215 267 1870 330; baseline 0.001 -17"><span class='ocrx_word' id='word_1_10' title='bbox 215 267 217 270; x_wconf 46' lang='lat'><em>⁴</em></span> <span class='ocrx_word' id='word_1_11' title='bbox 262 270 379 318; x_wconf 75' lang='grc'><em>4492</em></span> <span class='ocrx_word' id='word_1_12' title='bbox 426 272 501 314; x_wconf 88' lang='lat' dir='ltr'><strong><em>deo</em></strong></span> <span class='ocrx_word' id='word_1_13' title='bbox 532 273 678 314; x_wconf 86' lang='lat' dir='ltr'><strong><em>invicto</em></strong></span> <span class='ocrx_word' id='word_1_14' title='bbox 718 270 724 326; x_wconf 98' lang='grc' dir='ltr'>Ι</span> <span class='ocrx_word' id='word_1_15' title='bbox 766 272 945 313; x_wconf 82' lang='lat' dir='ltr'><strong><em>Aulisvae</em></strong></span> <span class='ocrx_word' id='word_1_16' title='bbox 988 270 993 327; x_wconf 97' lang='grc' dir='ltr'>Ι</span> <span class='ocrx_word' id='word_1_17' title='bbox 1031 271 1101 316; x_wconf 89' lang='lat' dir='ltr'><strong><em>M!</em></strong></span> <span class='ocrx_word' id='word_1_18' title='bbox 1113 271 1130 316; x_wconf 82' lang='grc' dir='ltr'><strong><em>,Ι</em></strong></span> <span class='ocrx_word' id='word_1_19' title='bbox 1145 271 1161 316; x_wconf 92' lang='lat'><em>!</em></span> <span class='ocrx_word' id='word_1_20' title='bbox 1173 271 1254 316; x_wconf 77' lang='lat' dir='ltr'><strong><em>ll!</em></strong></span> <span class='ocrx_word' id='word_1_21' title='bbox 1281 270 1287 329; x_wconf 88' lang='grc' dir='ltr'>Ι</span> <span class='ocrx_word' id='word_1_22' title='bbox 1315 273 1372 314; x_wconf 90' lang='lat' dir='ltr'><strong><em>Fl.</em></strong></span> <span class='ocrx_word' id='word_1_23' title='bbox 1394 271 1412 316; x_wconf 88' lang='lat' dir='ltr'><em>l</em></span> <span class='ocrx_word' id='word_1_24' title='bbox 1425 271 1443 316; x_wconf 87' lang='lat'><strong><em>!</em></strong></span> <span class='ocrx_word' id='word_1_25' title='bbox 1457 271 1496 316; x_wconf 81' lang='lat' dir='ltr'><strong><em>l¹</em></strong></span> <span class='ocrx_word' id='word_1_26' title='bbox 1532 269 1695 330; x_wconf 74' lang='lat' dir='ltr'><strong><em>[praefi]</em></strong></span> <span class='ocrx_word' id='word_1_27' title='bbox 1739 272 1745 330; x_wconf 97' lang='grc' dir='ltr'>Ι</span> <span class='ocrx_word' id='word_1_28' title='bbox 1786 274 1870 316; x_wconf 87' lang='lat' dir='ltr'><strong><em>alae</em></strong></span> 
     </span>
     <span class='ocr_line' id='line_1_4' title="bbox 150 338 1190 396; baseline 0.002 -16"><span class='ocrx_word' id='word_1_29' title='bbox 150 340 254 394; x_wconf 87' lang='lat' dir='ltr'><strong><em>expl.</em></strong></span> <span class='ocrx_word' id='word_1_30' title='bbox 286 338 479 396; x_wconf 73' lang='lat' dir='ltr'><strong><em>Po&#39;mar.²</em></strong></span> <span class='ocrx_word' id='word_1_31' title='bbox 510 340 747 393; x_wconf 82' lang='lat' dir='ltr'><strong><em>Gordielnae</em></strong></span> <span class='ocrx_word' id='word_1_32' title='bbox 777 347 817 381; x_wconf 89' lang='lat' dir='ltr'><strong><em>et</em></strong></span> <span class='ocrx_word' id='word_1_33' title='bbox 846 353 958 394; x_wconf 86' lang='lat' dir='ltr'><strong><em>proc.</em></strong></span> <span class='ocrx_word' id='word_1_34' title='bbox 986 339 993 395; x_wconf 95' lang='grc' dir='ltr'>Ι</span> <span class='ocrx_word' id='word_1_35' title='bbox 1019 341 1118 395; x_wconf 87' lang='lat' dir='ltr'><strong>Aug.</strong></span> <span class='ocrx_word' id='word_1_36' title='bbox 1150 355 1190 382; x_wconf 89' lang='lat' dir='ltr'><strong><em>n.</em></strong></span> 
     </span>
    </p>
   </div>
   <div class='ocr_carea' id='block_1_4' title="bbox 148 406 1874 563">
    <p class='ocr_par' dir='ltr' id='par_1_4' title="bbox 148 406 1874 563">
     <span class='ocr_line' id='line_1_5' title="bbox 268 406 1869 453; baseline 0.002 -12"><span class='ocrx_word' id='word_1_37' title='bbox 268 406 446 453; x_wconf 57' lang='lat' dir='ltr'><strong><em>Tamen,</em></strong></span> <span class='ocrx_word' id='word_1_38' title='bbox 476 409 540 442; x_wconf 77' lang='lat' dir='ltr'><strong><em>ubi</em></strong></span> <span class='ocrx_word' id='word_1_39' title='bbox 562 406 715 448; x_wconf 69' lang='lat' dir='ltr'><strong><em>fuerunt</em></strong></span> <span class='ocrx_word' id='word_1_40' title='bbox 737 408 907 441; x_wconf 87' lang='lat' dir='ltr'><strong><em>Pomaria</em></strong></span> <span class='ocrx_word' id='word_1_41' title='bbox 931 407 1184 443; x_wconf 79' lang='lat' dir='ltr'><strong><em>Mauretaniae</em></strong></span> <span class='ocrx_word' id='word_1_42' title='bbox 1210 409 1317 453; x_wconf 91' lang='lat' dir='ltr'><em>(VIII</em></span> <span class='ocrx_word' id='word_1_43' title='bbox 1338 410 1425 444; x_wconf 84' lang='lat'><strong><em>9907</em></strong></span> <span class='ocrx_word' id='word_1_44' title='bbox 1447 409 1541 443; x_wconf 84' lang='lat' dir='ltr'><strong><em>vidit</em></strong></span> <span class='ocrx_word' id='word_1_45' title='bbox 1567 409 1801 453; x_wconf 78' lang='lat' dir='ltr'><strong><em>Wilmanm).</em></strong></span> <span class='ocrx_word' id='word_1_46' title='bbox 1826 429 1869 436; x_wconf 87' lang='lat'>—</span> 
     </span>
     <span class='ocr_line' id='line_1_6' title="bbox 148 464 1874 510; baseline 0.002 -13"><span class='ocrx_word' id='word_1_47' title='bbox 148 464 276 498; x_wconf 83' lang='lat' dir='ltr'><strong><em>Eidem</em></strong></span> <span class='ocrx_word' id='word_1_48' title='bbox 301 464 367 498; x_wconf 81' lang='lat' dir='ltr'><strong><em>deo</em></strong></span> <span class='ocrx_word' id='word_1_49' title='bbox 391 465 512 499; x_wconf 82' lang='lat' dir='ltr'><strong><em>eodem</em></strong></span> <span class='ocrx_word' id='word_1_50' title='bbox 537 464 614 498; x_wconf 87' lang='lat' dir='ltr'><strong><em>loeo</em></strong></span> <span class='ocrx_word' id='word_1_51' title='bbox 639 465 825 498; x_wconf 76' lang='lat' dir='ltr'><strong><em>dedicatus</em></strong></span> <span class='ocrx_word' id='word_1_52' title='bbox 849 469 901 499; x_wconf 74' lang='lat' dir='ltr'><strong><em>eet</em></strong></span> <span class='ocrx_word' id='word_1_53' title='bbox 926 465 1053 499; x_wconf 74' lang='lat' dir='ltr'><strong><em>titulus</em></strong></span> <span class='ocrx_word' id='word_1_54' title='bbox 1075 477 1187 510; x_wconf 75' lang='lat' dir='ltr'><strong><em>supra</em></strong></span> <span class='ocrx_word' id='word_1_55' title='bbox 1210 466 1256 501; x_wconf 87' lang='grc' dir='ltr'><strong><em>Ν.</em></strong></span> <span class='ocrx_word' id='word_1_56' title='bbox 1271 468 1380 509; x_wconf 77' lang='grc'><em>2634,</em></span> <span class='ocrx_word' id='word_1_57' title='bbox 1405 468 1445 500; x_wconf 89' lang='lat' dir='ltr'><strong><em>in</em></strong></span> <span class='ocrx_word' id='word_1_58' title='bbox 1468 468 1616 510; x_wconf 80' lang='lat' dir='ltr'><strong><em>regione</em></strong></span> <span class='ocrx_word' id='word_1_59' title='bbox 1634 468 1759 501; x_wconf 83' lang='lat' dir='ltr'><strong><em>vicina</em></strong></span> <span class='ocrx_word' id='word_1_60' title='bbox 1783 466 1874 501; x_wconf 89' lang='lat' dir='ltr'><em>VIII</em></span> 
     </span>
     <span class='ocr_line' id='line_1_7' title="bbox 150 520 1342 563; baseline 0.002 -8"><span class='ocrx_word' id='word_1_61' title='bbox 150 520 188 555; x_wconf 91' lang='lat' dir='ltr'><strong><em>S.</em></strong></span> <span class='ocrx_word' id='word_1_62' title='bbox 205 521 324 555; x_wconf 83' lang='grc'><em>24704.</em></span> <span class='ocrx_word' id='word_1_63' title='bbox 343 540 388 546; x_wconf 92' lang='lat'><strong><em>-—</em></strong></span> <span class='ocrx_word' id='word_1_64' title='bbox 414 522 447 563; x_wconf 92' lang='lat'><strong><em>1)</em></strong></span> <span class='ocrx_word' id='word_1_65' title='bbox 471 520 608 555; x_wconf 84' lang='lat' dir='ltr'><strong><em>Nomen</em></strong></span> <span class='ocrx_word' id='word_1_66' title='bbox 633 522 811 556; x_wconf 76' lang='lat' dir='ltr'><strong><em>abrasum.</em></strong></span> <span class='ocrx_word' id='word_1_67' title='bbox 836 542 879 547; x_wconf 90' lang='lat'><strong>—</strong></span> <span class='ocrx_word' id='word_1_68' title='bbox 904 524 939 561; x_wconf 83' lang='lat'><strong><em>2)</em></strong></span> <span class='ocrx_word' id='word_1_69' title='bbox 965 522 1018 562; x_wconf 75' lang='lat' dir='ltr'><strong><em>Cf.</em></strong></span> <span class='ocrx_word' id='word_1_70' title='bbox 1044 522 1090 557; x_wconf 92' lang='grc' dir='ltr'><strong><em>Ν.</em></strong></span> <span class='ocrx_word' id='word_1_71' title='bbox 1107 524 1198 558; x_wconf 75' lang='grc'><em>2654</em></span> <span class='ocrx_word' id='word_1_72' title='bbox 1222 526 1295 557; x_wconf 83' lang='lat' dir='ltr'><strong><em>not.</em></strong></span> <span class='ocrx_word' id='word_1_73' title='bbox 1311 524 1342 557; x_wconf 84' lang='grc'><em>4.</em></span> 
     </span>
    </p>
   </div>
   <div class='ocr_carea' id='block_1_5' title="bbox 618 581 1378 587">
    <p class='ocr_par' dir='ltr' id='par_1_5' title="bbox 618 581 1378 587">
     <span class='ocr_line' id='line_1_8' title="bbox 618 581 1378 587; baseline 0 0"><span class='ocrx_word' id='word_1_74' title='bbox 618 581 1378 587; x_wconf 95' lang='lat' dir='ltr'><strong><em> </em></strong></span> 
     </span>
    </p>
   </div>
   <div class='ocr_carea' id='block_1_6' title="bbox 149 584 1871 804">
    <p class='ocr_par' dir='ltr' id='par_1_6' title="bbox 149 584 1871 804">
     <span class='ocr_line' id='line_1_9' title="bbox 262 584 1870 667; baseline 0 -13"><span class='ocrx_word' id='word_1_75' title='bbox 262 612 377 659; x_wconf 76' lang='grc'><em>4493</em></span> <span class='ocrx_word' id='word_1_76' title='bbox 423 613 497 654; x_wconf 85' lang='lat' dir='ltr'><strong><em>diis</em></strong></span> <span class='ocrx_word' id='word_1_77' title='bbox 526 613 714 666; x_wconf 80' lang='lat' dir='ltr'><strong><em>Magisae¹</em></strong></span> <span class='ocrx_word' id='word_1_78' title='bbox 751 615 879 667; x_wconf 83' lang='lat' dir='ltr'><strong><em>Augg.</em></strong></span> <span class='ocrx_word' id='word_1_79' title='bbox 910 615 956 663; x_wconf 86' lang='lat' dir='ltr'><strong><em>Q.</em></strong></span> <span class='ocrx_word' id='word_1_80' title='bbox 986 615 1031 656; x_wconf 89' lang='lat' dir='ltr'><strong><em>T.</em></strong></span> <span class='ocrx_word' id='word_1_81' title='bbox 1065 615 1253 656; x_wconf 88' lang='lat' dir='ltr'><strong><em>Politicus</em></strong></span> <span class='ocrx_word' id='word_1_82' title='bbox 1282 584 1490 655; x_wconf 80' lang='lat' dir='ltr'><strong><em>simulacra</em></strong></span> <span class='ocrx_word' id='word_1_83' title='bbox 1502 584 1687 655; x_wconf 65' lang='lat' dir='ltr'><strong><em>⁷deorum</em></strong></span> <span class='ocrx_word' id='word_1_84' title='bbox 1719 629 1759 656; x_wconf 91' lang='lat' dir='ltr'><strong><em>n.</em></strong></span> <span class='ocrx_word' id='word_1_85' title='bbox 1790 615 1835 665; x_wconf 90' lang='lat' dir='ltr'><strong><em>V,</em></strong></span> <span class='ocrx_word' id='word_1_86' title='bbox 1862 617 1870 666; x_wconf 90' lang='grc' dir='ltr'>Ι</span> 
     </span>
     <span class='ocr_line' id='line_1_10' title="bbox 149 682 1870 746; baseline 0.001 -23"><span class='ocrx_word' id='word_1_87' title='bbox 149 682 365 723; x_wconf 87' lang='lat' dir='ltr'><strong><em>Masidenis</em></strong></span> <span class='ocrx_word' id='word_1_88' title='bbox 394 688 434 723; x_wconf 88' lang='lat' dir='ltr'><strong><em>et</em></strong></span> <span class='ocrx_word' id='word_1_89' title='bbox 462 682 651 722; x_wconf 87' lang='lat' dir='ltr'><strong><em>Thililvae</em></strong></span> <span class='ocrx_word' id='word_1_90' title='bbox 683 688 722 722; x_wconf 87' lang='lat' dir='ltr'><strong><em>et</em></strong></span> <span class='ocrx_word' id='word_1_91' title='bbox 751 683 948 735; x_wconf 86' lang='lat' dir='ltr'><strong><em>Sugganis</em></strong></span> <span class='ocrx_word' id='word_1_92' title='bbox 978 689 1018 723; x_wconf 84' lang='lat' dir='ltr'><strong><em>et</em></strong></span> <span class='ocrx_word' id='word_1_93' title='bbox 1047 683 1282 746; x_wconf 58' lang='lat' dir='ltr'><strong><em>lesdani—s-et</em></strong></span> <span class='ocrx_word' id='word_1_94' title='bbox 1302 683 1550 732; x_wconf 87' lang='lat' dir='ltr'><strong><em>Masiddice²,</em></strong></span> <span class='ocrx_word' id='word_1_95' title='bbox 1582 689 1621 723; x_wconf 89' lang='lat' dir='ltr'><strong><em>et</em></strong></span> <span class='ocrx_word' id='word_1_96' title='bbox 1647 683 1870 736; x_wconf 80' lang='lat' dir='ltr'><strong><em>templum}</em></strong></span> 
     </span>
     <span class='ocr_line' id='line_1_11' title="bbox 151 750 1871 804; baseline 0.001 -13"><span class='ocrx_word' id='word_1_97' title='bbox 151 763 172 791; x_wconf 88' lang='lat' dir='ltr'><strong><em>a</em></strong></span> <span class='ocrx_word' id='word_1_98' title='bbox 206 750 475 791; x_wconf 82' lang='lat' dir='ltr'><strong>fundamentis</strong></span> <span class='ocrx_word' id='word_1_99' title='bbox 515 763 563 790; x_wconf 85' lang='lat' dir='ltr'><strong><em>ex</em></strong></span> <span class='ocrx_word' id='word_1_100' title='bbox 593 763 663 791; x_wconf 86' lang='lat' dir='ltr'><strong><em>sua</em></strong></span> <span class='ocrx_word' id='word_1_101' title='bbox 694 751 863 803; x_wconf 82' lang='lat' dir='ltr'><strong><em>pecunia</em></strong></span> <span class='ocrx_word' id='word_1_102' title='bbox 902 751 997 791; x_wconf 86' lang='lat' dir='ltr'><strong><em>fecit</em></strong></span> <span class='ocrx_word' id='word_1_103' title='bbox 1032 764 1080 792; x_wconf 87' lang='lat' dir='ltr'><strong><em>ex</em></strong></span> <span class='ocrx_word' id='word_1_104' title='bbox 1111 751 1163 793; x_wconf 73' lang='grc' dir='ltr'><strong><em>ἐξ.</em></strong></span> <span class='ocrx_word' id='word_1_105' title='bbox 1185 751 1271 791; x_wconf 89' lang='lat' dir='ltr'>Vlll</span> <span class='ocrx_word' id='word_1_106' title='bbox 1303 752 1344 792; x_wconf 74' lang='lat' dir='ltr'><strong><em>fi.</em></strong></span> <span class='ocrx_word' id='word_1_107' title='bbox 1375 751 1445 803; x_wconf 88' lang='lat' dir='ltr'><strong><em>itq.</em></strong></span> <span class='ocrx_word' id='word_1_108' title='bbox 1477 750 1514 790; x_wconf 88' lang='lat' dir='ltr'><strong><em>d.</em></strong></span> <span class='ocrx_word' id='word_1_109' title='bbox 1537 750 1574 790; x_wconf 94' lang='lat' dir='ltr'><strong><em>d.</em></strong></span> <span class='ocrx_word' id='word_1_110' title='bbox 1606 752 1722 804; x_wconf 85' lang='lat' dir='ltr'><strong><em>capiti</em></strong></span> <span class='ocrx_word' id='word_1_111' title='bbox 1751 751 1871 801; x_wconf 86' lang='lat' dir='ltr'><strong><em>viso⁸‚</em></strong></span> 
     </span>
    </p>
   </div>
   <div class='ocr_carea' id='block_1_7' title="bbox 148 818 1872 1271">
    <p class='ocr_par' dir='ltr' id='par_1_7' title="bbox 149 818 1595 872">
     <span class='ocr_line' id='line_1_12' title="bbox 149 818 1595 872; baseline -0.001 -13"><span class='ocrx_word' id='word_1_112' title='bbox 149 819 246 872; x_wconf 88' lang='lat' dir='ltr'><strong><em>ipsis</em></strong></span> <span class='ocrx_word' id='word_1_113' title='bbox 276 818 556 871; x_wconf 60' lang='lat' dir='ltr'><strong><em>inpotentibus,</em></strong></span> <span class='ocrx_word' id='word_1_114' title='bbox 587 831 680 859; x_wconf 85' lang='lat' dir='ltr'><strong><em>eum</em></strong></span> <span class='ocrx_word' id='word_1_115' title='bbox 710 819 792 860; x_wconf 87' lang='lat' dir='ltr'><strong><em>suis</em></strong></span> <span class='ocrx_word' id='word_1_116' title='bbox 822 819 1020 868; x_wconf 85' lang='lat' dir='ltr'><strong><em>omnibus,</em></strong></span> <span class='ocrx_word' id='word_1_117' title='bbox 1058 832 1093 859; x_wconf 89' lang='lat' dir='ltr'><strong><em>v.</em></strong></span> <span class='ocrx_word' id='word_1_118' title='bbox 1123 832 1156 860; x_wconf 91' lang='lat' dir='ltr'><strong><em>s.</em></strong></span> <span class='ocrx_word' id='word_1_119' title='bbox 1186 819 1212 859; x_wconf 93' lang='lat' dir='ltr'><strong><em>l.</em></strong></span> <span class='ocrx_word' id='word_1_120' title='bbox 1244 831 1278 859; x_wconf 84' lang='lat' dir='ltr'><strong><em>a.</em></strong></span> <span class='ocrx_word' id='word_1_121' title='bbox 1309 819 1352 859; x_wconf 88' lang='lat' dir='ltr'><strong><em>B.</em></strong></span> <span class='ocrx_word' id='word_1_122' title='bbox 1385 818 1424 859; x_wconf 92' lang='lat' dir='ltr'><strong><em>b.</em></strong></span> <span class='ocrx_word' id='word_1_123' title='bbox 1456 831 1507 859; x_wconf 92' lang='lat' dir='ltr'><strong><em>m.</em></strong></span> <span class='ocrx_word' id='word_1_124' title='bbox 1538 818 1595 859; x_wconf 89' lang='lat' dir='ltr'><strong><em>b.⁴</em></strong></span> 
     </span>
    </p>

    <p class='ocr_par' dir='ltr' id='par_1_8' title="bbox 148 884 1872 1271">
     <span class='ocr_line' id='line_1_13' title="bbox 263 884 1870 931; baseline 0.001 -12"><span class='ocrx_word' id='word_1_125' title='bbox 263 886 379 929; x_wconf 83' lang='lat' dir='ltr'><strong><em>Prope</em></strong></span> <span class='ocrx_word' id='word_1_126' title='bbox 418 884 595 927; x_wconf 75' lang='lat' dir='ltr'><strong><em>Theveste,</em></strong></span> <span class='ocrx_word' id='word_1_127' title='bbox 633 885 711 919; x_wconf 84' lang='lat' dir='ltr'><strong><em>loco</em></strong></span> <span class='ocrx_word' id='word_1_128' title='bbox 748 885 844 920; x_wconf 87' lang='lat' dir='ltr'><strong><em>dieto</em></strong></span> <span class='ocrx_word' id='word_1_129' title='bbox 882 886 1040 919; x_wconf 76' lang='lat' dir='ltr'><strong><em>Hencliir</em></strong></span> <span class='ocrx_word' id='word_1_130' title='bbox 1075 885 1268 929; x_wconf 62' lang='lat' dir='ltr'><strong><em>Methdes,</em></strong></span> <span class='ocrx_word' id='word_1_131' title='bbox 1303 896 1401 919; x_wconf 85' lang='lat' dir='ltr'><strong><em>nune</em></strong></span> <span class='ocrx_word' id='word_1_132' title='bbox 1435 887 1588 919; x_wconf 75' lang='lat' dir='ltr'><strong><em>Parisiis</em></strong></span> <span class='ocrx_word' id='word_1_133' title='bbox 1626 885 1733 931; x_wconf 87' lang='lat' dir='ltr'><em>(VIII</em></span> <span class='ocrx_word' id='word_1_134' title='bbox 1765 885 1870 920; x_wconf 88' lang='grc'><em>46749</em></span> 
     </span>
     <span class='ocr_line' id='line_1_14' title="bbox 152 941 1871 986; baseline 0 -10"><span class='ocrx_word' id='word_1_135' title='bbox 152 941 314 976; x_wconf 74' lang='lat' dir='ltr'><strong><em>Schmidt</em></strong></span> <span class='ocrx_word' id='word_1_136' title='bbox 329 942 424 975; x_wconf 81' lang='lat' dir='ltr'><strong><em>vidit</em></strong></span> <span class='ocrx_word' id='word_1_137' title='bbox 439 944 634 986; x_wconf 79' lang='lat' dir='ltr'><strong><em>ectypum).</em></strong></span> <span class='ocrx_word' id='word_1_138' title='bbox 649 961 696 967; x_wconf 92' lang='lat'><strong>—</strong></span> <span class='ocrx_word' id='word_1_139' title='bbox 724 943 754 985; x_wconf 91' lang='lat'><strong><em>1)</em></strong></span> <span class='ocrx_word' id='word_1_140' title='bbox 771 941 910 976; x_wconf 83' lang='lat' dir='ltr'><strong><em>Nomen</em></strong></span> <span class='ocrx_word' id='word_1_141' title='bbox 925 942 997 976; x_wconf 86' lang='lat' dir='ltr'><strong><em>loci</em></strong></span> <span class='ocrx_word' id='word_1_142' title='bbox 1007 945 1117 986; x_wconf 86' lang='lat' dir='ltr'><strong><em>putat</em></strong></span> <span class='ocrx_word' id='word_1_143' title='bbox 1133 943 1262 984; x_wconf 72' lang='lat' dir='ltr'><strong><em>Sehm„</em></strong></span> <span class='ocrx_word' id='word_1_144' title='bbox 1280 945 1376 976; x_wconf 84' lang='lat' dir='ltr'><strong><em>recte</em></strong></span> <span class='ocrx_word' id='word_1_145' title='bbox 1391 946 1433 976; x_wconf 80' lang='lat' dir='ltr'><strong><em>ut</em></strong></span> <span class='ocrx_word' id='word_1_146' title='bbox 1448 943 1601 979; x_wconf 83' lang='lat' dir='ltr'><strong><em>videtur.</em></strong></span> <span class='ocrx_word' id='word_1_147' title='bbox 1617 962 1664 968; x_wconf 88' lang='lat'><strong><em>—-</em></strong></span> <span class='ocrx_word' id='word_1_148' title='bbox 1681 943 1715 985; x_wconf 82' lang='lat'><strong><em>2)</em></strong></span> <span class='ocrx_word' id='word_1_149' title='bbox 1732 942 1871 977; x_wconf 82' lang='lat' dir='ltr'><strong><em>Nomen</em></strong></span> 
     </span>
     <span class='ocr_line' id='line_1_15' title="bbox 148 998 1871 1043; baseline 0.001 -11"><span class='ocrx_word' id='word_1_150' title='bbox 148 1000 309 1032; x_wconf 77' lang='lat' dir='ltr'><strong><em>numinis</em></strong></span> <span class='ocrx_word' id='word_1_151' title='bbox 325 998 483 1039; x_wconf 73' lang='lat' dir='ltr'><strong><em>fortasse</em></strong></span> <span class='ocrx_word' id='word_1_152' title='bbox 499 998 623 1041; x_wconf 83' lang='lat' dir='ltr'><strong><em>aliquo</em></strong></span> <span class='ocrx_word' id='word_1_153' title='bbox 637 999 742 1033; x_wconf 85' lang='lat' dir='ltr'><strong><em>modo</em></strong></span> <span class='ocrx_word' id='word_1_154' title='bbox 760 1001 991 1033; x_wconf 88' lang='lat' dir='ltr'><strong><em>coniunctum</em></strong></span> <span class='ocrx_word' id='word_1_155' title='bbox 1009 1010 1088 1034; x_wconf 81' lang='lat' dir='ltr'><strong><em>cum</em></strong></span> <span class='ocrx_word' id='word_1_156' title='bbox 1105 1002 1248 1033; x_wconf 90' lang='lat' dir='ltr'><strong><em>nomine</em></strong></span> <span class='ocrx_word' id='word_1_157' title='bbox 1267 1000 1336 1034; x_wconf 86' lang='lat' dir='ltr'><strong><em>loci</em></strong></span> <span class='ocrx_word' id='word_1_158' title='bbox 1349 999 1517 1033; x_wconf 74' lang='lat' dir='ltr'><strong><em>Vasidice</em></strong></span> <span class='ocrx_word' id='word_1_159' title='bbox 1534 1011 1637 1043; x_wconf 84' lang='lat' dir='ltr'><strong><em>quem</em></strong></span> <span class='ocrx_word' id='word_1_160' title='bbox 1652 1002 1749 1034; x_wconf 83' lang='lat' dir='ltr'><strong><em>inter</em></strong></span> <span class='ocrx_word' id='word_1_161' title='bbox 1766 999 1871 1043; x_wconf 87' lang='lat' dir='ltr'><strong><em>Tipa-</em></strong></span> 
     </span>
     <span class='ocr_line' id='line_1_16' title="bbox 149 1054 1872 1100; baseline 0.001 -12"><span class='ocrx_word' id='word_1_162' title='bbox 149 1066 226 1089; x_wconf 73' lang='lat' dir='ltr'><strong><em>sam</em></strong></span> <span class='ocrx_word' id='word_1_163' title='bbox 241 1055 437 1090; x_wconf 76' lang='lat' dir='ltr'><strong><em>Numidiae</em></strong></span> <span class='ocrx_word' id='word_1_164' title='bbox 453 1059 488 1088; x_wconf 83' lang='lat' dir='ltr'><strong><em>et</em></strong></span> <span class='ocrx_word' id='word_1_165' title='bbox 501 1054 760 1099; x_wconf 80' lang='lat' dir='ltr'><strong><em>Naraggaram</em></strong></span> <span class='ocrx_word' id='word_1_166' title='bbox 775 1056 917 1090; x_wconf 89' lang='lat' dir='ltr'><strong><em>indicat</em></strong></span> <span class='ocrx_word' id='word_1_167' title='bbox 931 1057 1054 1090; x_wconf 82' lang='lat' dir='ltr'><strong><em>tabula</em></strong></span> <span class='ocrx_word' id='word_1_168' title='bbox 1070 1058 1170 1090; x_wconf 83' lang='lat' dir='ltr'><strong><em>Peut.</em></strong></span> <span class='ocrx_word' id='word_1_169' title='bbox 1190 1075 1237 1081; x_wconf 94' lang='lat'><strong>—</strong></span> <span class='ocrx_word' id='word_1_170' title='bbox 1263 1058 1298 1100; x_wconf 88' lang='lat'><strong><em>3)</em></strong></span> <span class='ocrx_word' id='word_1_171' title='bbox 1315 1056 1493 1090; x_wconf 87' lang='lat' dir='ltr'><strong><em>Similiter</em></strong></span> <span class='ocrx_word' id='word_1_172' title='bbox 1510 1057 1643 1099; x_wconf 78' lang='lat' dir='ltr'><strong><em>legitur</em></strong></span> <span class='ocrx_word' id='word_1_173' title='bbox 1660 1056 1694 1091; x_wconf 93' lang='lat' dir='ltr'><em>V</em></span> <span class='ocrx_word' id='word_1_174' title='bbox 1693 1056 1750 1090; x_wconf 92' lang='lat' dir='ltr'><strong><em>III</em></strong></span> <span class='ocrx_word' id='word_1_175' title='bbox 1763 1057 1872 1090; x_wconf 76' lang='lat'><strong><em>40856</em></strong></span> 
     </span>
     <span class='ocr_line' id='line_1_17' title="bbox 150 1111 1870 1157; baseline 0.002 -13"><span class='ocrx_word' id='word_1_176' title='bbox 150 1112 228 1145; x_wconf 85' lang='lat' dir='ltr'><strong><em>viso</em></strong></span> <span class='ocrx_word' id='word_1_177' title='bbox 253 1112 412 1155; x_wconf 84' lang='lat' dir='ltr'><strong><em>capi[t]e;</em></strong></span> <span class='ocrx_word' id='word_1_178' title='bbox 438 1111 529 1146; x_wconf 91' lang='lat' dir='ltr'><em>VIII</em></span> <span class='ocrx_word' id='word_1_179' title='bbox 539 1113 625 1146; x_wconf 89' lang='grc'><em>4468</em></span> <span class='ocrx_word' id='word_1_180' title='bbox 648 1122 781 1146; x_wconf 82' lang='lat' dir='ltr'><strong><em>sacrum</em></strong></span> <span class='ocrx_word' id='word_1_181' title='bbox 806 1112 920 1146; x_wconf 87' lang='lat' dir='ltr'><strong><em>solvet</em></strong></span> <span class='ocrx_word' id='word_1_182' title='bbox 945 1123 986 1146; x_wconf 88' lang='lat' dir='ltr'><strong><em>ex</em></strong></span> <span class='ocrx_word' id='word_1_183' title='bbox 1010 1113 1087 1147; x_wconf 87' lang='lat' dir='ltr'><strong><em>viso</em></strong></span> <span class='ocrx_word' id='word_1_184' title='bbox 1113 1113 1274 1157; x_wconf 85' lang='lat' dir='ltr'><strong><em>eapit[e],·</em></strong></span> <span class='ocrx_word' id='word_1_185' title='bbox 1298 1112 1345 1154; x_wconf 73' lang='lat' dir='ltr'><strong><em>cf.</em></strong></span> <span class='ocrx_word' id='word_1_186' title='bbox 1371 1114 1480 1147; x_wconf 88' lang='lat' dir='ltr'><strong><em>etiam</em></strong></span> <span class='ocrx_word' id='word_1_187' title='bbox 1503 1124 1614 1157; x_wconf 80' lang='lat' dir='ltr'><strong><em>supra</em></strong></span> <span class='ocrx_word' id='word_1_188' title='bbox 1638 1113 1685 1148; x_wconf 92' lang='lat' dir='ltr'><strong><em>N.</em></strong></span> <span class='ocrx_word' id='word_1_189' title='bbox 1702 1115 1810 1148; x_wconf 73' lang='lat'><strong><em>44440.</em></strong></span> <span class='ocrx_word' id='word_1_190' title='bbox 1825 1133 1870 1138; x_wconf 97' lang='lat'><strong>—</strong></span> 
     </span>
     <span class='ocr_line' id='line_1_18' title="bbox 149 1167 1872 1214; baseline 0.001 -12"><span class='ocrx_word' id='word_1_191' title='bbox 149 1167 187 1213; x_wconf 88' lang='lat'><strong><em>4)</em></strong></span> <span class='ocrx_word' id='word_1_192' title='bbox 212 1168 329 1202; x_wconf 42' lang='lat' dir='ltr'><strong><em>Bonis*</em></strong></span> <span class='ocrx_word' id='word_1_193' title='bbox 348 1170 445 1210; x_wconf 80' lang='lat' dir='ltr'><strong><em>bene,</em></strong></span> <span class='ocrx_word' id='word_1_194' title='bbox 469 1169 575 1202; x_wconf 73' lang='lat' dir='ltr'><strong><em>malis</em></strong></span> <span class='ocrx_word' id='word_1_195' title='bbox 599 1167 760 1214; x_wconf 78' lang='lat' dir='ltr'><strong><em>bene(?);</em></strong></span> <span class='ocrx_word' id='word_1_196' title='bbox 796 1167 844 1209; x_wconf 77' lang='lat' dir='ltr'><strong><em>cf.</em></strong></span> <span class='ocrx_word' id='word_1_197' title='bbox 871 1169 962 1204; x_wconf 89' lang='lat' dir='ltr'><em>VIII</em></span> <span class='ocrx_word' id='word_1_198' title='bbox 980 1170 1082 1212; x_wconf 90' lang='grc'><em>9482,</em></span> <span class='ocrx_word' id='word_1_199' title='bbox 1105 1171 1169 1203; x_wconf 83' lang='lat' dir='ltr'><strong><em>ubi</em></strong></span> <span class='ocrx_word' id='word_1_200' title='bbox 1186 1173 1238 1203; x_wconf 76' lang='lat' dir='ltr'><strong><em>est</em></strong></span> <span class='ocrx_word' id='word_1_201' title='bbox 1262 1169 1295 1204; x_wconf 89' lang='lat' dir='ltr'><strong><em>b.</em></strong></span> <span class='ocrx_word' id='word_1_202' title='bbox 1314 1170 1346 1205; x_wconf 91' lang='lat' dir='ltr'><strong><em>b.</em></strong></span> <span class='ocrx_word' id='word_1_203' title='bbox 1364 1172 1398 1203; x_wconf 83' lang='lat' dir='ltr'><strong><em>et</em></strong></span> <span class='ocrx_word' id='word_1_204' title='bbox 1415 1170 1494 1204; x_wconf 85' lang='lat' dir='ltr'><strong><em>mal.</em></strong></span> <span class='ocrx_word' id='word_1_205' title='bbox 1511 1171 1545 1204; x_wconf 92' lang='lat' dir='ltr'><strong><em>b.</em></strong></span> <span class='ocrx_word' id='word_1_206' title='bbox 1571 1171 1615 1214; x_wconf 89' lang='lat' dir='ltr'><strong><em>(b.</em></strong></span> <span class='ocrx_word' id='word_1_207' title='bbox 1635 1170 1668 1206; x_wconf 90' lang='lat' dir='ltr'><strong><em>b.</em></strong></span> <span class='ocrx_word' id='word_1_208' title='bbox 1687 1181 1730 1204; x_wconf 88' lang='lat' dir='ltr'><strong><em>m.</em></strong></span> <span class='ocrx_word' id='word_1_209' title='bbox 1749 1181 1793 1206; x_wconf 86' lang='lat' dir='ltr'><strong><em>m.</em></strong></span> <span class='ocrx_word' id='word_1_210' title='bbox 1819 1174 1872 1204; x_wconf 74' lang='lat' dir='ltr'><strong><em>eet</em></strong></span> 
     </span>
     <span class='ocr_line' id='line_1_19' title="bbox 151 1223 1809 1271; baseline 0.001 -13"><span class='ocrx_word' id='word_1_211' title='bbox 151 1225 243 1258; x_wconf 89' lang='lat' dir='ltr'><em>VIII</em></span> <span class='ocrx_word' id='word_1_212' title='bbox 261 1226 380 1267; x_wconf 71' lang='lat'><strong><em>8739).</em></strong></span> <span class='ocrx_word' id='word_1_213' title='bbox 428 1223 500 1258; x_wconf 87' lang='lat' dir='ltr'><strong><em>Sed</em></strong></span> <span class='ocrx_word' id='word_1_214' title='bbox 519 1224 678 1265; x_wconf 71' lang='lat' dir='ltr'><strong><em>fortasse</em></strong></span> <span class='ocrx_word' id='word_1_215' title='bbox 699 1228 865 1268; x_wconf 77' lang='lat' dir='ltr'><strong><em>praestat</em></strong></span> <span class='ocrx_word' id='word_1_216' title='bbox 888 1227 1093 1268; x_wconf 75' lang='lat' dir='ltr'><strong><em>eoeplieare:</em></strong></span> <span class='ocrx_word' id='word_1_217' title='bbox 1122 1226 1236 1260; x_wconf 76' lang='lat' dir='ltr'><strong><em>Bonis</em></strong></span> <span class='ocrx_word' id='word_1_218' title='bbox 1260 1228 1356 1266; x_wconf 85' lang='lat' dir='ltr'><strong><em>bene,</em></strong></span> <span class='ocrx_word' id='word_1_219' title='bbox 1380 1228 1472 1259; x_wconf 77' lang='lat' dir='ltr'><strong><em>milii</em></strong></span> <span class='ocrx_word' id='word_1_220' title='bbox 1495 1228 1581 1260; x_wconf 84' lang='lat' dir='ltr'><strong><em>bene</em></strong></span> <span class='ocrx_word' id='word_1_221' title='bbox 1605 1226 1809 1271; x_wconf 59' lang='lat' dir='ltr'><strong><em>(Memmia).</em></strong></span> 
     </span>
    </p>
   </div>
   <div class='ocr_carea' id='block_1_8' title="bbox 1747 583 1870 588">
    <p class='ocr_par' dir='ltr' id='par_1_9' title="bbox 1747 583 1870 588">
     <span class='ocr_line' id='line_1_20' title="bbox 1747 583 1870 588; baseline 0 0"><span class='ocrx_word' id='word_1_222' title='bbox 1747 583 1870 588; x_wconf 95' lang='lat' dir='ltr'><strong><em> </em></strong></span> 
     </span>
    </p>
   </div>
   <div class='ocr_carea' id='block_1_9' title="bbox 263 1303 1286 1362">
    <p class='ocr_par' dir='ltr' id='par_1_10' title="bbox 263 1303 1286 1362">
     <span class='ocr_line' id='line_1_21' title="bbox 263 1303 1286 1362; baseline -0.003 -12"><span class='ocrx_word' id='word_1_223' title='bbox 263 1303 378 1351; x_wconf 74' lang='grc'><em>4494</em></span> <span class='ocrx_word' id='word_1_224' title='bbox 426 1307 499 1347; x_wconf 92' lang='lat' dir='ltr'><strong><em>diis</em></strong></span> <span class='ocrx_word' id='word_1_225' title='bbox 529 1307 674 1347; x_wconf 82' lang='lat' dir='ltr'><strong><em>Mauris</em></strong></span> <span class='ocrx_word' id='word_1_226' title='bbox 700 1305 707 1362; x_wconf 96' lang='grc' dir='ltr'>Ι</span> <span class='ocrx_word' id='word_1_227' title='bbox 733 1308 869 1347; x_wconf 79' lang='lat' dir='ltr'><strong><em>fudina</em></strong></span> <span class='ocrx_word' id='word_1_228' title='bbox 901 1313 1105 1348; x_wconf 82' lang='lat' dir='ltr'><strong><em>vaeurtum</em></strong></span> <span class='ocrx_word' id='word_1_229' title='bbox 1134 1308 1286 1348; x_wconf 88' lang='lat' dir='ltr'><strong><em>varsis.¹</em></strong></span> 
     </span>
    </p>
   </div>
   <div class='ocr_carea' id='block_1_10' title="bbox 151 1372 1872 1474">
    <p class='ocr_par' dir='ltr' id='par_1_11' title="bbox 151 1372 1872 1474">
     <span class='ocr_line' id='line_1_22' title="bbox 264 1372 1872 1418; baseline 0.001 -12"><span class='ocrx_word' id='word_1_230' title='bbox 264 1372 307 1406; x_wconf 91' lang='lat' dir='ltr'><strong><em>In</em></strong></span> <span class='ocrx_word' id='word_1_231' title='bbox 329 1374 521 1417; x_wconf 84' lang='lat' dir='ltr'><strong><em>provincia</em></strong></span> <span class='ocrx_word' id='word_1_232' title='bbox 537 1373 669 1414; x_wconf 78' lang='lat' dir='ltr'><strong><em>Africa</em></strong></span> <span class='ocrx_word' id='word_1_233' title='bbox 695 1374 771 1408; x_wconf 86' lang='lat' dir='ltr'><strong><em>loco</em></strong></span> <span class='ocrx_word' id='word_1_234' title='bbox 797 1374 892 1408; x_wconf 84' lang='lat' dir='ltr'><strong><em>dicto</em></strong></span> <span class='ocrx_word' id='word_1_235' title='bbox 919 1375 1076 1408; x_wconf 77' lang='lat' dir='ltr'><strong><em>Henclzir</em></strong></span> <span class='ocrx_word' id='word_1_236' title='bbox 1090 1373 1263 1408; x_wconf 83' lang='lat' dir='ltr'><strong><em>Ramdam</em></strong></span> <span class='ocrx_word' id='word_1_237' title='bbox 1288 1373 1398 1418; x_wconf 89' lang='lat' dir='ltr'><em>(VIII</em></span> <span class='ocrx_word' id='word_1_238' title='bbox 1411 1374 1448 1409; x_wconf 89' lang='lat' dir='ltr'><strong><em>S.</em></strong></span> <span class='ocrx_word' id='word_1_239' title='bbox 1462 1374 1566 1407; x_wconf 89' lang='grc'><em>44444</em></span> <span class='ocrx_word' id='word_1_240' title='bbox 1590 1373 1754 1407; x_wconf 77' lang='lat' dir='ltr'><strong><em>Schmidt</em></strong></span> <span class='ocrx_word' id='word_1_241' title='bbox 1777 1374 1872 1407; x_wconf 86' lang='lat' dir='ltr'><strong><em>vidit</em></strong></span> 
     </span>
     <span class='ocr_line' id='line_1_23' title="bbox 151 1428 1808 1474; baseline 0.002 -12"><span class='ocrx_word' id='word_1_242' title='bbox 151 1428 346 1473; x_wconf 81' lang='lat' dir='ltr'><strong><em>ectypum).</em></strong></span> <span class='ocrx_word' id='word_1_243' title='bbox 362 1449 408 1455; x_wconf 94' lang='lat'>—</span> <span class='ocrx_word' id='word_1_244' title='bbox 434 1431 466 1470; x_wconf 86' lang='lat'><strong><em>1)</em></strong></span> <span class='ocrx_word' id='word_1_245' title='bbox 488 1429 573 1463; x_wconf 86' lang='lat' dir='ltr'><strong><em>Non</em></strong></span> <span class='ocrx_word' id='word_1_246' title='bbox 596 1430 822 1472; x_wconf 78' lang='lat' dir='ltr'><strong><em>intellegitur</em></strong></span> <span class='ocrx_word' id='word_1_247' title='bbox 847 1430 1010 1474; x_wconf 76' lang='lat' dir='ltr'><strong><em>(secundi</em></strong></span> <span class='ocrx_word' id='word_1_248' title='bbox 1034 1431 1202 1464; x_wconf 83' lang='lat' dir='ltr'><strong><em>vocabuli</em></strong></span> <span class='ocrx_word' id='word_1_249' title='bbox 1224 1430 1342 1464; x_wconf 74' lang='lat' dir='ltr'><strong><em>simile</em></strong></span> <span class='ocrx_word' id='word_1_250' title='bbox 1367 1431 1518 1473; x_wconf 76' lang='lat' dir='ltr'><strong><em>aliquod</em></strong></span> <span class='ocrx_word' id='word_1_251' title='bbox 1539 1433 1593 1463; x_wconf 79' lang='lat' dir='ltr'><strong><em>est</em></strong></span> <span class='ocrx_word' id='word_1_252' title='bbox 1615 1430 1666 1464; x_wconf 89' lang='lat' dir='ltr'><strong><em>VI</em></strong></span> <span class='ocrx_word' id='word_1_253' title='bbox 1687 1432 1808 1473; x_wconf 73' lang='lat'><strong><em>9549).</em></strong></span> 
     </span>
    </p>
   </div>
   <div class='ocr_carea' id='block_1_11' title="bbox 589 1489 1860 1496">
    <p class='ocr_par' dir='ltr' id='par_1_12' title="bbox 589 1489 1860 1496">
     <span class='ocr_line' id='line_1_24' title="bbox 589 1489 1860 1496; baseline 0 0"><span class='ocrx_word' id='word_1_254' title='bbox 589 1489 1860 1496; x_wconf 95' lang='lat' dir='ltr'><strong><em> </em></strong></span> 
     </span>
    </p>
   </div>
   <div class='ocr_carea' id='block_1_12' title="bbox 150 1509 1871 1703">
    <p class='ocr_par' dir='ltr' id='par_1_13' title="bbox 150 1509 1871 1703">
     <span class='ocr_line' id='line_1_25' title="bbox 263 1509 1870 1567; baseline 0.001 -16"><span class='ocrx_word' id='word_1_255' title='bbox 263 1509 378 1556; x_wconf 81' lang='grc'><em>4495</em></span> <span class='ocrx_word' id='word_1_256' title='bbox 427 1512 500 1551; x_wconf 89' lang='lat' dir='ltr'><strong><em>diis</em></strong></span> <span class='ocrx_word' id='word_1_257' title='bbox 520 1512 658 1564; x_wconf 83' lang='lat' dir='ltr'><strong><em>patriis</em></strong></span> <span class='ocrx_word' id='word_1_258' title='bbox 688 1519 727 1552; x_wconf 85' lang='lat' dir='ltr'><strong><em>et</em></strong></span> <span class='ocrx_word' id='word_1_259' title='bbox 755 1512 903 1552; x_wconf 83' lang='lat' dir='ltr'><strong><em>Mauris</em></strong></span> <span class='ocrx_word' id='word_1_260' title='bbox 928 1511 934 1567; x_wconf 94' lang='grc' dir='ltr'>Ι</span> <span class='ocrx_word' id='word_1_261' title='bbox 963 1512 1311 1553; x_wconf 84' lang='lat' dir='ltr'><strong><em>conservatoribus</em></strong></span> <span class='ocrx_word' id='word_1_262' title='bbox 1337 1509 1343 1566; x_wconf 87' lang='grc' dir='ltr'>Ι</span> <span class='ocrx_word' id='word_1_263' title='bbox 1370 1512 1503 1552; x_wconf 86' lang='lat' dir='ltr'><strong><em>Aelius</em></strong></span> <span class='ocrx_word' id='word_1_264' title='bbox 1524 1512 1711 1553; x_wconf 86' lang='lat' dir='ltr'><strong><em>Aelianus</em></strong></span> <span class='ocrx_word' id='word_1_265' title='bbox 1731 1525 1765 1552; x_wconf 90' lang='lat' dir='ltr'><strong><em>v.</em></strong></span> <span class='ocrx_word' id='word_1_266' title='bbox 1786 1525 1839 1565; x_wconf 87' lang='lat' dir='ltr'><strong><em>p.‚</em></strong></span> <span class='ocrx_word' id='word_1_267' title='bbox 1862 1514 1870 1563; x_wconf 95' lang='grc' dir='ltr'>Ι</span> 
     </span>
     <span class='ocr_line' id='line_1_26' title="bbox 150 1577 1870 1635; baseline 0.001 -16"><span class='ocrx_word' id='word_1_268' title='bbox 150 1591 310 1631; x_wconf 78' lang='lat' dir='ltr'><strong><em>praeses</em></strong></span> <span class='ocrx_word' id='word_1_269' title='bbox 329 1579 556 1632; x_wconf 75' lang='lat' dir='ltr'><strong><em>provinciae</em></strong></span> <span class='ocrx_word' id='word_1_270' title='bbox 582 1577 588 1634; x_wconf 98' lang='grc' dir='ltr'>Ι</span> <span class='ocrx_word' id='word_1_271' title='bbox 615 1579 882 1620; x_wconf 80' lang='lat' dir='ltr'><strong><em>Mauretaniae</em></strong></span> <span class='ocrx_word' id='word_1_272' title='bbox 903 1580 1025 1631; x_wconf 70' lang='lat' dir='ltr'><strong><em>Caes„</em></strong></span> <span class='ocrx_word' id='word_1_273' title='bbox 1054 1578 1059 1635; x_wconf 99' lang='grc' dir='ltr'>Ι</span> <span class='ocrx_word' id='word_1_274' title='bbox 1087 1580 1138 1620; x_wconf 94' lang='lat' dir='ltr'><strong><em>ob</em></strong></span> <span class='ocrx_word' id='word_1_275' title='bbox 1169 1585 1407 1633; x_wconf 85' lang='lat' dir='ltr'><strong><em>prostratam</em></strong></span> <span class='ocrx_word' id='word_1_276' title='bbox 1438 1586 1598 1633; x_wconf 84' lang='lat' dir='ltr'><strong><em>gentem</em></strong></span> <span class='ocrx_word' id='word_1_277' title='bbox 1625 1578 1632 1634; x_wconf 95' lang='grc' dir='ltr'>Ι</span> <span class='ocrx_word' id='word_1_278' title='bbox 1659 1580 1870 1621; x_wconf 82' lang='lat' dir='ltr'><strong><em>Bavarum¹</em></strong></span> 
     </span>
     <span class='ocr_line' id='line_1_27' title="bbox 152 1646 1871 1703; baseline 0.001 -16"><span class='ocrx_word' id='word_1_279' title='bbox 152 1647 516 1699; x_wconf 83' lang='lat' dir='ltr'><strong><em>Mesegneitisium²</em></strong></span> <span class='ocrx_word' id='word_1_280' title='bbox 549 1646 556 1702; x_wconf 98' lang='grc' dir='ltr'>Ι</span> <span class='ocrx_word' id='word_1_281' title='bbox 582 1647 830 1700; x_wconf 88' lang='lat' dir='ltr'><strong><em>praedasque</em></strong></span> <span class='ocrx_word' id='word_1_282' title='bbox 861 1661 1001 1689; x_wconf 89' lang='lat' dir='ltr'><strong><em>omnes</em></strong></span> <span class='ocrx_word' id='word_1_283' title='bbox 1031 1661 1077 1689; x_wconf 85' lang='lat' dir='ltr'><strong><em>ac</em></strong></span> <span class='ocrx_word' id='word_1_284' title='bbox 1103 1649 1286 1700; x_wconf 72' lang='lat' dir='ltr'><strong><em>famillias</em></strong></span> <span class='ocrx_word' id='word_1_285' title='bbox 1318 1661 1456 1689; x_wconf 87' lang='lat' dir='ltr'><strong><em>eorum</em></strong></span> <span class='ocrx_word' id='word_1_286' title='bbox 1486 1647 1676 1689; x_wconf 88' lang='lat' dir='ltr'><strong><em>abductas</em></strong></span> <span class='ocrx_word' id='word_1_287' title='bbox 1701 1648 1708 1703; x_wconf 88' lang='grc' dir='ltr'>Ι</span> <span class='ocrx_word' id='word_1_288' title='bbox 1734 1655 1871 1689; x_wconf 88' lang='lat' dir='ltr'><strong><em>votum</em></strong></span> 
     </span>
    </p>
   </div>
   <div class='ocr_carea' id='block_1_13' title="bbox 152 1715 279 1755">
    <p class='ocr_par' dir='ltr' id='par_1_14' title="bbox 152 1715 279 1755">
     <span class='ocr_line' id='line_1_28' title="bbox 152 1715 279 1755; baseline 0 0"><span class='ocrx_word' id='word_1_289' title='bbox 152 1715 279 1755; x_wconf 85' lang='lat' dir='ltr'><strong><em>solvit.</em></strong></span> 
     </span>
    </p>
   </div>
   <div class='ocr_carea' id='block_1_14' title="bbox 153 1781 1871 1941">
    <p class='ocr_par' dir='ltr' id='par_1_15' title="bbox 153 1781 1871 1941">
     <span class='ocr_line' id='line_1_29' title="bbox 266 1781 1871 1828; baseline 0 -13"><span class='ocrx_word' id='word_1_290' title='bbox 266 1781 455 1824; x_wconf 81' lang='lat' dir='ltr'><strong><em>Affreville</em></strong></span> <span class='ocrx_word' id='word_1_291' title='bbox 477 1783 518 1815; x_wconf 82' lang='lat' dir='ltr'><strong><em>in</em></strong></span> <span class='ocrx_word' id='word_1_292' title='bbox 540 1782 783 1824; x_wconf 80' lang='lat' dir='ltr'><strong><em>Mauretania,</em></strong></span> <span class='ocrx_word' id='word_1_293' title='bbox 807 1784 871 1816; x_wconf 82' lang='lat' dir='ltr'><strong><em>ubi</em></strong></span> <span class='ocrx_word' id='word_1_294' title='bbox 892 1781 970 1823; x_wconf 79' lang='lat' dir='ltr'><strong><em>fuit</em></strong></span> <span class='ocrx_word' id='word_1_295' title='bbox 991 1783 1182 1818; x_wconf 84' lang='lat' dir='ltr'><strong><em>Zuccabar</em></strong></span> <span class='ocrx_word' id='word_1_296' title='bbox 1206 1783 1317 1828; x_wconf 85' lang='lat' dir='ltr'><em>(VIII</em></span> <span class='ocrx_word' id='word_1_297' title='bbox 1337 1783 1374 1817; x_wconf 91' lang='lat' dir='ltr'><strong><em>S.</em></strong></span> <span class='ocrx_word' id='word_1_298' title='bbox 1389 1783 1500 1817; x_wconf 86' lang='grc'><em>24486</em></span> <span class='ocrx_word' id='word_1_299' title='bbox 1515 1799 1560 1812; x_wconf 93' lang='lat'>=</span> <span class='ocrx_word' id='word_1_300' title='bbox 1576 1782 1669 1825; x_wconf 77' lang='grc' dir='ltr'><em>ΕρΙι.</em></span> <span class='ocrx_word' id='word_1_301' title='bbox 1686 1793 1739 1826; x_wconf 85' lang='lat' dir='ltr'><strong><em>ep.</em></strong></span> <span class='ocrx_word' id='word_1_302' title='bbox 1754 1782 1785 1823; x_wconf 90' lang='grc'><strong><em>7,</em></strong></span> <span class='ocrx_word' id='word_1_303' title='bbox 1801 1782 1871 1816; x_wconf 77' lang='lat'><strong><em>530</em></strong></span> 
     </span>
     <span class='ocr_line' id='line_1_30' title="bbox 153 1837 1871 1883; baseline 0 -12"><span class='ocrx_word' id='word_1_304' title='bbox 153 1838 246 1872; x_wconf 84' lang='lat' dir='ltr'><strong><em>vidit</em></strong></span> <span class='ocrx_word' id='word_1_305' title='bbox 259 1838 450 1883; x_wconf 80' lang='lat' dir='ltr'><strong><em>Purgold).</em></strong></span> <span class='ocrx_word' id='word_1_306' title='bbox 471 1858 518 1864; x_wconf 95' lang='lat'><strong><em>--</em></strong></span> <span class='ocrx_word' id='word_1_307' title='bbox 542 1841 575 1882; x_wconf 93' lang='lat'><strong><em>1)</em></strong></span> <span class='ocrx_word' id='word_1_308' title='bbox 598 1839 652 1872; x_wconf 89' lang='lat' dir='ltr'><strong><em>De</em></strong></span> <span class='ocrx_word' id='word_1_309' title='bbox 676 1840 879 1874; x_wconf 76' lang='lat' dir='ltr'><strong><em>Bavaribue</em></strong></span> <span class='ocrx_word' id='word_1_310' title='bbox 904 1838 951 1880; x_wconf 68' lang='lat' dir='ltr'><strong><em>cll</em></strong></span> <span class='ocrx_word' id='word_1_311' title='bbox 975 1850 1088 1883; x_wconf 76' lang='lat' dir='ltr'><strong><em>supra</em></strong></span> <span class='ocrx_word' id='word_1_312' title='bbox 1111 1839 1158 1874; x_wconf 89' lang='lat' dir='ltr'><strong><em>N.</em></strong></span> <span class='ocrx_word' id='word_1_313' title='bbox 1174 1841 1252 1875; x_wconf 83' lang='lat'><strong><em>628.</em></strong></span> <span class='ocrx_word' id='word_1_314' title='bbox 1268 1841 1366 1875; x_wconf 81' lang='grc'><em>4494.</em></span> <span class='ocrx_word' id='word_1_315' title='bbox 1382 1840 1469 1875; x_wconf 88' lang='grc'><strong><em>2767</em></strong></span> <span class='ocrx_word' id='word_1_316' title='bbox 1487 1839 1577 1883; x_wconf 86' lang='lat' dir='ltr'><strong><em>(not.</em></strong></span> <span class='ocrx_word' id='word_1_317' title='bbox 1594 1838 1633 1871; x_wconf 90' lang='grc'><strong><em>44</em></strong></span> <span class='ocrx_word' id='word_1_318' title='bbox 1630 1838 1664 1882; x_wconf 85' lang='grc'><strong><em>).</em></strong></span> <span class='ocrx_word' id='word_1_319' title='bbox 1681 1857 1726 1862; x_wconf 89' lang='grc'>-</span> <span class='ocrx_word' id='word_1_320' title='bbox 1751 1839 1784 1880; x_wconf 89' lang='grc'><strong><em>2)</em></strong></span> <span class='ocrx_word' id='word_1_321' title='bbox 1811 1837 1871 1871; x_wconf 83' lang='lat' dir='ltr'><strong><em>Sic</em></strong></span> 
     </span>
     <span class='ocr_line' id='line_1_31' title="bbox 157 1894 1823 1941; baseline 0.002 -15"><span class='ocrx_word' id='word_1_322' title='bbox 157 1896 220 1935; x_wconf 83' lang='lat' dir='ltr'><strong><em>qui</em></strong></span> <span class='ocrx_word' id='word_1_323' title='bbox 242 1905 359 1934; x_wconf 82' lang='lat' dir='ltr'><strong><em>nuper</em></strong></span> <span class='ocrx_word' id='word_1_324' title='bbox 383 1895 539 1938; x_wconf 83' lang='lat' dir='ltr'><strong><em>lapidem</em></strong></span> <span class='ocrx_word' id='word_1_325' title='bbox 562 1896 656 1929; x_wconf 86' lang='lat' dir='ltr'><strong><em>vidit</em></strong></span> <span class='ocrx_word' id='word_1_326' title='bbox 674 1896 768 1930; x_wconf 78' lang='lat' dir='ltr'><strong><em>Gsell</em></strong></span> <span class='ocrx_word' id='word_1_327' title='bbox 791 1896 895 1938; x_wconf 81' lang='lat' dir='ltr'><strong><em>(teti</em></strong></span> <span class='ocrx_word' id='word_1_328' title='bbox 922 1897 1054 1929; x_wconf 74' lang='lat' dir='ltr'><strong><em>litteris</em></strong></span> <span class='ocrx_word' id='word_1_329' title='bbox 1071 1897 1330 1941; x_wconf 77' lang='lat' dir='ltr'><strong><em>contignatis),·</em></strong></span> <span class='ocrx_word' id='word_1_330' title='bbox 1354 1896 1634 1938; x_wconf 83' lang='lat' dir='ltr'><strong><em>Mesegneitsium</em></strong></span> <span class='ocrx_word' id='word_1_331' title='bbox 1652 1894 1823 1937; x_wconf 82' lang='lat' dir='ltr'><strong><em>Purgold.</em></strong></span> 
     </span>
    </p>
   </div>
   <div class='ocr_carea' id='block_1_15' title="bbox 152 1985 1870 2109">
    <p class='ocr_par' dir='ltr' id='par_1_16' title="bbox 152 1985 1870 2109">
     <span class='ocr_line' id='line_1_32' title="bbox 265 1985 1870 2044; baseline -0.004 -12"><span class='ocrx_word' id='word_1_332' title='bbox 265 1985 381 2032; x_wconf 76' lang='lat'><strong><em>4496</em></strong></span> <span class='ocrx_word' id='word_1_333' title='bbox 429 1988 488 2028; x_wconf 87' lang='lat' dir='ltr'><strong><em>dis</em></strong></span> <span class='ocrx_word' id='word_1_334' title='bbox 507 1988 656 2029; x_wconf 86' lang='lat' dir='ltr'><strong><em>Mauris</em></strong></span> <span class='ocrx_word' id='word_1_335' title='bbox 685 1985 1069 2044; x_wconf 71' lang='lat' dir='ltr'><strong><em>[con]ser}vatoribus</em></strong></span> <span class='ocrx_word' id='word_1_336' title='bbox 1090 1995 1130 2027; x_wconf 90' lang='lat' dir='ltr'><strong><em>et</em></strong></span> <span class='ocrx_word' id='word_1_337' title='bbox 1150 1988 1286 2028; x_wconf 88' lang='lat' dir='ltr'><strong><em>Geniis</em></strong></span> <span class='ocrx_word' id='word_1_338' title='bbox 1313 1986 1318 2042; x_wconf 98' lang='grc' dir='ltr'>Ι</span> <span class='ocrx_word' id='word_1_339' title='bbox 1346 1988 1498 2035; x_wconf 87' lang='lat' dir='ltr'><strong><em>Satafis,</em></strong></span> <span class='ocrx_word' id='word_1_340' title='bbox 1530 1986 1738 2027; x_wconf 86' lang='lat' dir='ltr'><strong><em>Sallustius</em></strong></span> <span class='ocrx_word' id='word_1_341' title='bbox 1764 1985 1771 2039; x_wconf 98' lang='grc' dir='ltr'>Ι</span> <span class='ocrx_word' id='word_1_342' title='bbox 1798 1985 1870 2025; x_wconf 86' lang='lat' dir='ltr'><strong><em>Sa-</em></strong></span> 
     </span>
     <span class='ocr_line' id='line_1_33' title="bbox 152 2050 1869 2109; baseline -0.001 -14"><span class='ocrx_word' id='word_1_343' title='bbox 152 2055 341 2096; x_wconf 88' lang='lat' dir='ltr'><strong><em>turninus</em></strong></span> <span class='ocrx_word' id='word_1_344' title='bbox 371 2055 410 2096; x_wconf 93' lang='lat' dir='ltr'><strong><em>h.</em></strong></span> <span class='ocrx_word' id='word_1_345' title='bbox 442 2057 482 2106; x_wconf 84' lang='lat' dir='ltr'><strong><em>f.,</em></strong></span> <span class='ocrx_word' id='word_1_346' title='bbox 517 2056 640 2109; x_wconf 84' lang='lat' dir='ltr'><strong><em>dup.¹‚</em></strong></span> <span class='ocrx_word' id='word_1_347' title='bbox 667 2056 674 2109; x_wconf 95' lang='grc' dir='ltr'>Ι</span> <span class='ocrx_word' id='word_1_348' title='bbox 701 2069 748 2096; x_wconf 88' lang='lat' dir='ltr'><strong><em>ex</em></strong></span> <span class='ocrx_word' id='word_1_349' title='bbox 778 2055 1061 2108; x_wconf 59' lang='lat' dir='ltr'><strong><em>questionum,</em></strong></span> <span class='ocrx_word' id='word_1_350' title='bbox 1088 2054 1095 2109; x_wconf 98' lang='grc' dir='ltr'>Ι</span> <span class='ocrx_word' id='word_1_351' title='bbox 1122 2056 1314 2108; x_wconf 89' lang='lat' dir='ltr'><strong><em>templum</em></strong></span> <span class='ocrx_word' id='word_1_352' title='bbox 1345 2056 1394 2095; x_wconf 89' lang='lat' dir='ltr'><strong><em>de</em></strong></span> <span class='ocrx_word' id='word_1_353' title='bbox 1424 2067 1496 2095; x_wconf 92' lang='lat' dir='ltr'><strong><em>suo</em></strong></span> <span class='ocrx_word' id='word_1_354' title='bbox 1524 2051 1531 2108; x_wconf 99' lang='grc' dir='ltr'>Ι</span> <span class='ocrx_word' id='word_1_355' title='bbox 1557 2053 1772 2103; x_wconf 86' lang='lat' dir='ltr'><strong><em>exornavit,</em></strong></span> <span class='ocrx_word' id='word_1_356' title='bbox 1800 2050 1807 2107; x_wconf 98' lang='grc' dir='ltr'>Ι</span> <span class='ocrx_word' id='word_1_357' title='bbox 1832 2065 1869 2094; x_wconf 85' lang='lat' dir='ltr'><strong><em>v.</em></strong></span> 
     </span>
    </p>
   </div>
   <div class='ocr_carea' id='block_1_16' title="bbox 153 2123 1871 2289">
    <p class='ocr_par' dir='ltr' id='par_1_17' title="bbox 153 2123 1871 2289">
     <span class='ocr_line' id='line_1_34' title="bbox 154 2123 1050 2164; baseline -0.003 -1"><span class='ocrx_word' id='word_1_358' title='bbox 154 2136 186 2164; x_wconf 87' lang='lat' dir='ltr'><strong><em>s.</em></strong></span> <span class='ocrx_word' id='word_1_359' title='bbox 216 2123 243 2163; x_wconf 93' lang='lat' dir='ltr'><strong><em>l.</em></strong></span> <span class='ocrx_word' id='word_1_360' title='bbox 273 2135 308 2163; x_wconf 86' lang='lat' dir='ltr'><strong><em>a.</em></strong></span> <span class='ocrx_word' id='word_1_361' title='bbox 1043 2154 1050 2160; x_wconf 92' lang='lat'><strong><em>.</em></strong></span> 
     </span>
     <span class='ocr_line' id='line_1_35' title="bbox 268 2187 1869 2234; baseline -0.001 -12"><span class='ocrx_word' id='word_1_362' title='bbox 268 2189 384 2231; x_wconf 81' lang='lat' dir='ltr'><strong><em>Satafi&#39;</em></strong></span> <span class='ocrx_word' id='word_1_363' title='bbox 408 2191 447 2223; x_wconf 90' lang='lat' dir='ltr'><strong><em>in</em></strong></span> <span class='ocrx_word' id='word_1_364' title='bbox 470 2189 703 2223; x_wconf 81' lang='lat' dir='ltr'><strong><em>Mauretania</em></strong></span> <span class='ocrx_word' id='word_1_365' title='bbox 722 2190 830 2234; x_wconf 92' lang='lat' dir='ltr'><em>(VIII</em></span> <span class='ocrx_word' id='word_1_366' title='bbox 842 2190 878 2225; x_wconf 92' lang='lat' dir='ltr'><strong><em>S.</em></strong></span> <span class='ocrx_word' id='word_1_367' title='bbox 890 2191 1004 2225; x_wconf 76' lang='lat'><strong><em>20251</em></strong></span> <span class='ocrx_word' id='word_1_368' title='bbox 1031 2192 1083 2224; x_wconf 71' lang='lat' dir='ltr'><strong><em>bis</em></strong></span> <span class='ocrx_word' id='word_1_369' title='bbox 1100 2191 1308 2234; x_wconf 73' lang='lat' dir='ltr'><strong><em>descripta).</em></strong></span> <span class='ocrx_word' id='word_1_370' title='bbox 1323 2208 1368 2214; x_wconf 95' lang='lat'>—</span> <span class='ocrx_word' id='word_1_371' title='bbox 1396 2190 1428 2232; x_wconf 94' lang='lat'><strong><em>1)</em></strong></span> <span class='ocrx_word' id='word_1_372' title='bbox 1452 2188 1725 2230; x_wconf 76' lang='lat' dir='ltr'><strong><em>Beneficiarius‚</em></strong></span> <span class='ocrx_word' id='word_1_373' title='bbox 1750 2187 1869 2231; x_wconf 83' lang='lat' dir='ltr'><strong><em>dupli-</em></strong></span> 
     </span>
     <span class='ocr_line' id='line_1_36' title="bbox 153 2244 1871 2289; baseline -0.002 -9"><span class='ocrx_word' id='word_1_374' title='bbox 153 2248 286 2280; x_wconf 78' lang='lat' dir='ltr'><strong><em>carius.</em></strong></span> <span class='ocrx_word' id='word_1_375' title='bbox 320 2265 367 2271; x_wconf 94' lang='lat'>—</span> <span class='ocrx_word' id='word_1_376' title='bbox 401 2246 460 2281; x_wconf 89' lang='lat' dir='ltr'><strong><em>Dis</em></strong></span> <span class='ocrx_word' id='word_1_377' title='bbox 491 2245 619 2280; x_wconf 86' lang='lat' dir='ltr'><strong><em>Mauris</em></strong></span> <span class='ocrx_word' id='word_1_378' title='bbox 650 2246 856 2281; x_wconf 82' lang='lat' dir='ltr'><strong><em>salutaribus</em></strong></span> <span class='ocrx_word' id='word_1_379' title='bbox 893 2247 1079 2281; x_wconf 74' lang='lat' dir='ltr'><strong><em>dedicatus</em></strong></span> <span class='ocrx_word' id='word_1_380' title='bbox 1115 2251 1167 2281; x_wconf 78' lang='lat' dir='ltr'><strong><em>est</em></strong></span> <span class='ocrx_word' id='word_1_381' title='bbox 1201 2247 1328 2280; x_wconf 77' lang='lat' dir='ltr'><strong><em>titulus</em></strong></span> <span class='ocrx_word' id='word_1_382' title='bbox 1362 2257 1475 2289; x_wconf 74' lang='lat' dir='ltr'><strong><em>cupra</em></strong></span> <span class='ocrx_word' id='word_1_383' title='bbox 1509 2245 1557 2280; x_wconf 89' lang='lat' dir='ltr'><strong><em>N.</em></strong></span> <span class='ocrx_word' id='word_1_384' title='bbox 1579 2247 1668 2280; x_wconf 88' lang='grc'><strong><em>2607</em></strong></span> <span class='ocrx_word' id='word_1_385' title='bbox 1694 2245 1755 2289; x_wconf 91' lang='lat'><strong><em>(=</em></strong></span> <span class='ocrx_word' id='word_1_386' title='bbox 1782 2244 1871 2279; x_wconf 90' lang='lat' dir='ltr'><em>VIII</em></span> 
     </span>
    </p>
   </div>
   <div class='ocr_carea' id='block_1_17' title="bbox 153 2302 1870 2395">
    <p class='ocr_par' dir='ltr' id='par_1_18' title="bbox 153 2302 1870 2395">
     <span class='ocr_line' id='line_1_37' title="bbox 154 2302 1870 2350; baseline -0.002 -12"><span class='ocrx_word' id='word_1_387' title='bbox 154 2303 190 2338; x_wconf 91' lang='lat' dir='ltr'><strong><em>S.</em></strong></span> <span class='ocrx_word' id='word_1_388' title='bbox 205 2303 340 2344; x_wconf 87' lang='grc'><strong><em>24720,·</em></strong></span> <span class='ocrx_word' id='word_1_389' title='bbox 374 2305 415 2336; x_wconf 88' lang='lat' dir='ltr'><strong><em>in</em></strong></span> <span class='ocrx_word' id='word_1_390' title='bbox 437 2303 510 2344; x_wconf 78' lang='lat' dir='ltr'><strong><em>fine</em></strong></span> <span class='ocrx_word' id='word_1_391' title='bbox 539 2314 607 2337; x_wconf 72' lang='lat' dir='ltr'><strong><em>cer.</em></strong></span> <span class='ocrx_word' id='word_1_392' title='bbox 633 2302 762 2338; x_wconf 88' lang='lat' dir='ltr'><strong><em>chortis</em></strong></span> <span class='ocrx_word' id='word_1_393' title='bbox 782 2302 789 2347; x_wconf 95' lang='grc' dir='ltr'>Ι</span> <span class='ocrx_word' id='word_1_394' title='bbox 809 2303 991 2339; x_wconf 81' lang='lat' dir='ltr'><strong><em>Sardorum</em></strong></span> <span class='ocrx_word' id='word_1_395' title='bbox 1011 2303 1018 2350; x_wconf 94' lang='grc' dir='ltr'>Ι</span> <span class='ocrx_word' id='word_1_396' title='bbox 1040 2303 1276 2347; x_wconf 79' lang='lat' dir='ltr'><strong><em>Severianae);</em></strong></span> <span class='ocrx_word' id='word_1_397' title='bbox 1313 2303 1378 2337; x_wconf 87' lang='lat' dir='ltr'><strong><em>diis</em></strong></span> <span class='ocrx_word' id='word_1_398' title='bbox 1402 2302 1562 2337; x_wconf 85' lang='lat' dir='ltr'><strong><em>Mauricis</em></strong></span> <span class='ocrx_word' id='word_1_399' title='bbox 1594 2303 1724 2336; x_wconf 73' lang='lat' dir='ltr'><strong><em>titulus</em></strong></span> <span class='ocrx_word' id='word_1_400' title='bbox 1755 2312 1870 2345; x_wconf 78' lang='lat' dir='ltr'><strong><em>supra</em></strong></span> 
     </span>
     <span class='ocr_line' id='line_1_38' title="bbox 153 2359 323 2395; baseline 0 -1"><span class='ocrx_word' id='word_1_401' title='bbox 153 2359 199 2395; x_wconf 87' lang='grc' dir='ltr'><strong><em>Ν.</em></strong></span> <span class='ocrx_word' id='word_1_402' title='bbox 222 2360 323 2394; x_wconf 80' lang='lat'><strong><em>2750.</em></strong></span> 
     </span>
    </p>
   </div>
   <div class='ocr_carea' id='block_1_18' title="bbox 1104 2415 1811 2424">
    <p class='ocr_par' dir='ltr' id='par_1_19' title="bbox 1104 2415 1811 2424">
     <span class='ocr_line' id='line_1_39' title="bbox 1104 2415 1811 2424; baseline 0 0"><span class='ocrx_word' id='word_1_403' title='bbox 1104 2415 1811 2424; x_wconf 95' lang='lat' dir='ltr'><strong><em> </em></strong></span> 
     </span>
    </p>
   </div>
   <div class='ocr_carea' id='block_1_19' title="bbox 267 2448 1870 2507">
    <p class='ocr_par' dir='ltr' id='par_1_20' title="bbox 267 2448 1870 2507">
     <span class='ocr_line' id='line_1_40' title="bbox 267 2448 1870 2507; baseline -0.006 -10"><span class='ocrx_word' id='word_1_404' title='bbox 267 2450 394 2498; x_wconf 73' lang='grc'><em>4497</em></span> <span class='ocrx_word' id='word_1_405' title='bbox 442 2452 587 2493; x_wconf 86' lang='lat' dir='ltr'><strong><em>Mauris</em></strong></span> <span class='ocrx_word' id='word_1_406' title='bbox 607 2451 806 2503; x_wconf 80' lang='lat' dir='ltr'><strong><em>Barbalris</em></strong></span> <span class='ocrx_word' id='word_1_407' title='bbox 826 2453 1013 2495; x_wconf 86' lang='lat' dir='ltr'><strong><em>Servilius</em></strong></span> <span class='ocrx_word' id='word_1_408' title='bbox 1036 2454 1286 2507; x_wconf 79' lang='lat' dir='ltr'><strong><em>Impeltratus</em></strong></span> <span class='ocrx_word' id='word_1_409' title='bbox 1317 2466 1377 2493; x_wconf 89' lang='lat' dir='ltr'><strong><em>vo.</em></strong></span> <span class='ocrx_word' id='word_1_410' title='bbox 1408 2465 1466 2493; x_wconf 92' lang='lat' dir='ltr'><strong><em>so.</em></strong></span> <span class='ocrx_word' id='word_1_411' title='bbox 1496 2450 1565 2491; x_wconf 91' lang='lat' dir='ltr'><strong><em>lib.</em></strong></span> <span class='ocrx_word' id='word_1_412' title='bbox 1596 2451 1674 2490; x_wconf 87' lang='lat' dir='ltr'><strong><em>an.¹</em></strong></span> <span class='ocrx_word' id='word_1_413' title='bbox 1702 2448 1708 2505; x_wconf 99' lang='grc' dir='ltr'>Ι</span> <span class='ocrx_word' id='word_1_414' title='bbox 1735 2449 1870 2489; x_wconf 87' lang='lat' dir='ltr'><strong><em>Victor</em></strong></span> 
     </span>
    </p>
   </div>
   <div class='ocr_carea' id='block_1_20' title="bbox 153 2521 1869 2629">
    <p class='ocr_par' dir='ltr' id='par_1_21' title="bbox 153 2521 1869 2629">
     <span class='ocr_line' id='line_1_41' title="bbox 153 2521 1318 2575; baseline 0.005 -15"><span class='ocrx_word' id='word_1_415' title='bbox 153 2521 258 2570; x_wconf 83' lang='lat' dir='ltr'><strong><em>veni,</em></strong></span> <span class='ocrx_word' id='word_1_416' title='bbox 288 2521 379 2561; x_wconf 80' lang='lat' dir='ltr'><strong><em>vic.²</em></strong></span> <span class='ocrx_word' id='word_1_417' title='bbox 407 2533 471 2561; x_wconf 80' lang='lat' dir='ltr'><strong><em>me</em></strong></span> <span class='ocrx_word' id='word_1_418' title='bbox 502 2521 576 2561; x_wconf 82' lang='lat' dir='ltr'><strong><em>sac·</em></strong></span> <span class='ocrx_word' id='word_1_419' title='bbox 608 2529 793 2574; x_wconf 76' lang='lat' dir='ltr'><strong><em>(Hercules</em></strong></span> <span class='ocrx_word' id='word_1_420' title='bbox 816 2532 935 2564; x_wconf 85' lang='lat' dir='ltr'><strong><em>orbem</em></strong></span> <span class='ocrx_word' id='word_1_421' title='bbox 959 2532 1117 2565; x_wconf 69' lang='lat' dir='ltr'><strong><em>humeris</em></strong></span> <span class='ocrx_word' id='word_1_422' title='bbox 1137 2535 1318 2575; x_wconf 76' lang='lat' dir='ltr'><strong><em>portans).</em></strong></span> 
     </span>
     <span class='ocr_line' id='line_1_42' title="bbox 270 2584 1869 2629; baseline -0.003 -9"><span class='ocrx_word' id='word_1_423' title='bbox 270 2587 463 2621; x_wconf 77' lang='lat' dir='ltr'><strong><em>Lambaese</em></strong></span> <span class='ocrx_word' id='word_1_424' title='bbox 494 2587 600 2629; x_wconf 91' lang='lat' dir='ltr'><em>(VIII</em></span> <span class='ocrx_word' id='word_1_425' title='bbox 622 2587 707 2622; x_wconf 88' lang='grc'><em>2644</em></span> <span class='ocrx_word' id='word_1_426' title='bbox 741 2586 789 2627; x_wconf 62' lang='lat' dir='ltr'><strong><em>cs:</em></strong></span> <span class='ocrx_word' id='word_1_427' title='bbox 817 2587 908 2621; x_wconf 88' lang='lat' dir='ltr'><em>VIII</em></span> <span class='ocrx_word' id='word_1_428' title='bbox 925 2587 962 2621; x_wconf 89' lang='lat' dir='ltr'><strong><em>S.</em></strong></span> <span class='ocrx_word' id='word_1_429' title='bbox 979 2588 1088 2623; x_wconf 85' lang='grc'><em>48402</em></span> <span class='ocrx_word' id='word_1_430' title='bbox 1118 2589 1289 2622; x_wconf 86' lang='lat' dir='ltr'><strong><em>viderunt</em></strong></span> <span class='ocrx_word' id='word_1_431' title='bbox 1324 2587 1524 2622; x_wconf 76' lang='lat' dir='ltr'><strong><em>Wilmanns</em></strong></span> <span class='ocrx_word' id='word_1_432' title='bbox 1547 2588 1582 2618; x_wconf 85' lang='lat' dir='ltr'><strong><em>et</em></strong></span> <span class='ocrx_word' id='word_1_433' title='bbox 1605 2584 1799 2628; x_wconf 80' lang='lat' dir='ltr'><strong><em>Schmidt).</em></strong></span> <span class='ocrx_word' id='word_1_434' title='bbox 1822 2601 1869 2610; x_wconf 94' lang='lat'><strong><em>—-</em></strong></span> 
     </span>
    </p>
   </div>
   <div class='ocr_carea' id='block_1_21' title="bbox 155 2639 1868 2839">
    <p class='ocr_par' dir='ltr' id='par_1_22' title="bbox 155 2639 1868 2839">
     <span class='ocr_line' id='line_1_43' title="bbox 158 2639 1868 2687; baseline -0.003 -9"><span class='ocrx_word' id='word_1_435' title='bbox 158 2646 189 2687; x_wconf 90' lang='lat'><strong><em>1)</em></strong></span> <span class='ocrx_word' id='word_1_436' title='bbox 216 2644 347 2679; x_wconf 85' lang='lat' dir='ltr'><strong><em>Votum</em></strong></span> <span class='ocrx_word' id='word_1_437' title='bbox 369 2644 476 2678; x_wconf 75' lang='lat' dir='ltr'><strong><em>solvit</em></strong></span> <span class='ocrx_word' id='word_1_438' title='bbox 499 2645 611 2678; x_wconf 76' lang='lat' dir='ltr'><strong><em>libens</em></strong></span> <span class='ocrx_word' id='word_1_439' title='bbox 634 2646 767 2678; x_wconf 87' lang='lat' dir='ltr'><strong><em>animo.</em></strong></span> <span class='ocrx_word' id='word_1_440' title='bbox 797 2663 841 2668; x_wconf 97' lang='lat'><strong>—</strong></span> <span class='ocrx_word' id='word_1_441' title='bbox 874 2645 908 2687; x_wconf 83' lang='lat'><strong><em>2)</em></strong></span> <span class='ocrx_word' id='word_1_442' title='bbox 932 2643 1125 2678; x_wconf 85' lang='lat' dir='ltr'><strong><em>Victorem.</em></strong></span> <span class='ocrx_word' id='word_1_443' title='bbox 1159 2663 1206 2670; x_wconf 92' lang='lat'>—</span> <span class='ocrx_word' id='word_1_444' title='bbox 1241 2645 1344 2678; x_wconf 79' lang='lat' dir='ltr'><strong><em>Alios</em></strong></span> <span class='ocrx_word' id='word_1_445' title='bbox 1368 2644 1492 2677; x_wconf 78' lang='lat' dir='ltr'><strong><em>titulos</em></strong></span> <span class='ocrx_word' id='word_1_446' title='bbox 1515 2642 1572 2676; x_wconf 76' lang='lat' dir='ltr'><strong><em>dis</em></strong></span> <span class='ocrx_word' id='word_1_447' title='bbox 1594 2641 1737 2675; x_wconf 71' lang='lat' dir='ltr'><strong><em>Mauris</em></strong></span> <span class='ocrx_word' id='word_1_448' title='bbox 1760 2639 1868 2674; x_wconf 91' lang='lat' dir='ltr'><strong><em>Lam-</em></strong></span> 
     </span>
     <span class='ocr_line' id='line_1_44' title="bbox 155 2697 1867 2743; baseline -0.002 -8"><span class='ocrx_word' id='word_1_449' title='bbox 155 2703 256 2735; x_wconf 78' lang='lat' dir='ltr'><strong><em>baese</em></strong></span> <span class='ocrx_word' id='word_1_450' title='bbox 280 2701 462 2734; x_wconf 74' lang='lat' dir='ltr'><strong><em>dedicatos</em></strong></span> <span class='ocrx_word' id='word_1_451' title='bbox 485 2702 592 2734; x_wconf 75' lang='lat' dir='ltr'><strong><em>habes</em></strong></span> <span class='ocrx_word' id='word_1_452' title='bbox 617 2701 705 2735; x_wconf 90' lang='lat' dir='ltr'><em>VIII</em></span> <span class='ocrx_word' id='word_1_453' title='bbox 725 2702 901 2743; x_wconf 61' lang='lat'><strong><em>26585011.</em></strong></span> <span class='ocrx_word' id='word_1_454' title='bbox 949 2700 1116 2736; x_wconf 86' lang='lat' dir='ltr'><strong><em>Sacerdos</em></strong></span> <span class='ocrx_word' id='word_1_455' title='bbox 1140 2702 1266 2736; x_wconf 74' lang='lat' dir='ltr'><strong><em>Mauris</em></strong></span> <span class='ocrx_word' id='word_1_456' title='bbox 1291 2702 1482 2735; x_wconf 76' lang='lat' dir='ltr'><strong><em>Lambaese</em></strong></span> <span class='ocrx_word' id='word_1_457' title='bbox 1513 2701 1566 2732; x_wconf 73' lang='lat' dir='ltr'><strong><em>est</em></strong></span> <span class='ocrx_word' id='word_1_458' title='bbox 1586 2709 1698 2741; x_wconf 69' lang='lat' dir='ltr'><strong><em>supra</em></strong></span> <span class='ocrx_word' id='word_1_459' title='bbox 1722 2697 1768 2732; x_wconf 90' lang='lat' dir='ltr'><strong><em>N.</em></strong></span> <span class='ocrx_word' id='word_1_460' title='bbox 1783 2698 1867 2732; x_wconf 73' lang='lat'><strong><em>542.</em></strong></span> 
     </span>
     <span class='ocr_line' id='line_1_45' title="bbox 267 2778 1868 2839; baseline -0.002 -16"><span class='ocrx_word' id='word_1_461' title='bbox 267 2780 384 2827; x_wconf 76' lang='grc'><em>4498</em></span> <span class='ocrx_word' id='word_1_462' title='bbox 421 2811 540 2823; x_wconf 90' lang='grc'><strong>.....</strong></span> <span class='ocrx_word' id='word_1_463' title='bbox 555 2795 578 2822; x_wconf 93' lang='grc' dir='ltr'>ο</span> <span class='ocrx_word' id='word_1_464' title='bbox 609 2779 675 2839; x_wconf 84' lang='lat' dir='ltr'><strong><em>[e]t</em></strong></span> <span class='ocrx_word' id='word_1_465' title='bbox 704 2778 808 2838; x_wconf 83' lang='lat' dir='ltr'><strong><em>di[is]</em></strong></span> <span class='ocrx_word' id='word_1_466' title='bbox 838 2780 844 2836; x_wconf 99' lang='grc' dir='ltr'>Ι</span> <span class='ocrx_word' id='word_1_467' title='bbox 870 2781 993 2835; x_wconf 86' lang='lat' dir='ltr'><strong><em>patris</em></strong></span> <span class='ocrx_word' id='word_1_468' title='bbox 1022 2788 1061 2823; x_wconf 88' lang='lat' dir='ltr'><strong><em>et</em></strong></span> <span class='ocrx_word' id='word_1_469' title='bbox 1089 2781 1339 2839; x_wconf 66' lang='lat' dir='ltr'><strong><em>hospifltibus‚</em></strong></span> <span class='ocrx_word' id='word_1_470' title='bbox 1370 2782 1443 2822; x_wconf 90' lang='lat' dir='ltr'><strong><em>diis</em></strong></span> <span class='ocrx_word' id='word_1_471' title='bbox 1462 2778 1659 2835; x_wconf 68' lang='lat' dir='ltr'><strong><em>Maurilcis</em></strong></span> <span class='ocrx_word' id='word_1_472' title='bbox 1679 2786 1720 2820; x_wconf 85' lang='lat' dir='ltr'><strong><em>et</em></strong></span> <span class='ocrx_word' id='word_1_473' title='bbox 1741 2779 1868 2820; x_wconf 87' lang='lat' dir='ltr'><strong><em>Genio</em></strong></span> 
     </span>
    </p>
   </div>
   <div class='ocr_carea' id='block_1_22' title="bbox 155 2846 1868 3073">
    <p class='ocr_par' dir='ltr' id='par_1_23' title="bbox 155 2846 958 2906">
     <span class='ocr_line' id='line_1_46' title="bbox 155 2846 958 2906; baseline -0.001 -15"><span class='ocrx_word' id='word_1_474' title='bbox 155 2851 264 2902; x_wconf 73' lang='lat' dir='ltr'><strong><em>loci!</em></strong></span> <span class='ocrx_word' id='word_1_475' title='bbox 290 2850 342 2891; x_wconf 79' lang='lat' dir='ltr'><strong><em>M.</em></strong></span> <span class='ocrx_word' id='word_1_476' title='bbox 363 2849 523 2891; x_wconf 90' lang='lat' dir='ltr'><strong><em>Cornel.</em></strong></span> <span class='ocrx_word' id='word_1_477' title='bbox 544 2846 850 2906; x_wconf 76' lang='lat' dir='ltr'><strong><em>Octavi{[anus]²</em></strong></span> <span class='ocrx_word' id='word_1_478' title='bbox 881 2879 892 2890; x_wconf 90' lang='lat'><strong><em>.</em></strong></span> <span class='ocrx_word' id='word_1_479' title='bbox 914 2878 925 2890; x_wconf 95' lang='lat'><strong><em>.</em></strong></span> <span class='ocrx_word' id='word_1_480' title='bbox 948 2879 958 2890; x_wconf 93' lang='lat'><strong><em>.</em></strong></span> 
     </span>
    </p>

    <p class='ocr_par' dir='ltr' id='par_1_24' title="bbox 155 2915 1868 3073">
     <span class='ocr_line' id='line_1_47' title="bbox 269 2915 1868 2962; baseline -0.003 -11"><span class='ocrx_word' id='word_1_481' title='bbox 269 2917 369 2959; x_wconf 73' lang='lat' dir='ltr'><strong><em>sitifi</em></strong></span> <span class='ocrx_word' id='word_1_482' title='bbox 399 2916 508 2962; x_wconf 89' lang='lat' dir='ltr'><em>(VIII</em></span> <span class='ocrx_word' id='word_1_483' title='bbox 525 2917 616 2951; x_wconf 74' lang='grc'><strong><em>8456</em></strong></span> <span class='ocrx_word' id='word_1_484' title='bbox 645 2917 738 2950; x_wconf 81' lang='lat' dir='ltr'><strong><em>vidit</em></strong></span> <span class='ocrx_word' id='word_1_485' title='bbox 768 2917 958 2950; x_wconf 87' lang='lat' dir='ltr'><strong><em>Delamare</em></strong></span> <span class='ocrx_word' id='word_1_486' title='bbox 989 2919 1117 2951; x_wconf 87' lang='lat' dir='ltr'><strong><em>auctor</em></strong></span> <span class='ocrx_word' id='word_1_487' title='bbox 1146 2917 1369 2962; x_wconf 72' lang='lat' dir='ltr'><strong><em>accuratus).</em></strong></span> <span class='ocrx_word' id='word_1_488' title='bbox 1405 2935 1448 2940; x_wconf 97' lang='lat'><strong>—</strong></span> <span class='ocrx_word' id='word_1_489' title='bbox 1489 2915 1521 2957; x_wconf 92' lang='lat'><strong><em>1)</em></strong></span> <span class='ocrx_word' id='word_1_490' title='bbox 1545 2915 1642 2948; x_wconf 86' lang='lat' dir='ltr'><strong><em>Idem</em></strong></span> <span class='ocrx_word' id='word_1_491' title='bbox 1673 2917 1724 2947; x_wconf 75' lang='lat' dir='ltr'><strong><em>est</em></strong></span> <span class='ocrx_word' id='word_1_492' title='bbox 1756 2924 1868 2958; x_wconf 75' lang='lat' dir='ltr'><strong><em>supra</em></strong></span> 
     </span>
     <span class='ocr_line' id='line_1_48' title="bbox 155 2970 1868 3018; baseline -0.002 -11"><span class='ocrx_word' id='word_1_493' title='bbox 155 2973 202 3008; x_wconf 89' lang='lat' dir='ltr'><strong><em>N.</em></strong></span> <span class='ocrx_word' id='word_1_494' title='bbox 218 2974 305 3008; x_wconf 84' lang='grc'><strong><em>2774</em></strong></span> <span class='ocrx_word' id='word_1_495' title='bbox 311 2986 325 3015; x_wconf 88' lang='grc'><strong><em>,·</em></strong></span> <span class='ocrx_word' id='word_1_496' title='bbox 347 2974 490 3007; x_wconf 74' lang='lat' dir='ltr'><strong><em>videmr</em></strong></span> <span class='ocrx_word' id='word_1_497' title='bbox 514 2974 610 3007; x_wconf 78' lang='lat' dir='ltr'><strong><em>hunc</em></strong></span> <span class='ocrx_word' id='word_1_498' title='bbox 632 2983 772 3017; x_wconf 81' lang='lat' dir='ltr'><strong><em>quoque</em></strong></span> <span class='ocrx_word' id='word_1_499' title='bbox 795 2973 941 3007; x_wconf 85' lang='lat' dir='ltr'><strong><em>titulum</em></strong></span> <span class='ocrx_word' id='word_1_500' title='bbox 963 2974 1133 3018; x_wconf 73' lang='lat' dir='ltr'><strong><em>posuisse,</em></strong></span> <span class='ocrx_word' id='word_1_501' title='bbox 1157 2983 1238 3007; x_wconf 85' lang='lat' dir='ltr'><strong><em>cum</em></strong></span> <span class='ocrx_word' id='word_1_502' title='bbox 1263 2976 1351 3006; x_wconf 69' lang='lat' dir='ltr'><strong><em>esset</em></strong></span> <span class='ocrx_word' id='word_1_503' title='bbox 1373 2973 1450 3006; x_wconf 71' lang='lat' dir='ltr'><strong><em>duce</em></strong></span> <span class='ocrx_word' id='word_1_504' title='bbox 1469 2982 1538 3016; x_wconf 85' lang='lat' dir='ltr'><strong><em>per</em></strong></span> <span class='ocrx_word' id='word_1_505' title='bbox 1555 2970 1720 3012; x_wconf 74' lang='lat' dir='ltr'><strong><em>Africam</em></strong></span> <span class='ocrx_word' id='word_1_506' title='bbox 1740 2970 1868 3005; x_wconf 86' lang='lat' dir='ltr'><strong><em>Numi-</em></strong></span> 
     </span>
     <span class='ocr_line' id='line_1_49' title="bbox 157 3030 623 3073; baseline -0.002 -9"><span class='ocrx_word' id='word_1_507' title='bbox 157 3030 255 3064; x_wconf 80' lang='lat' dir='ltr'><strong><em>diam</em></strong></span> <span class='ocrx_word' id='word_1_508' title='bbox 279 3030 623 3073; x_wconf 82' lang='lat' dir='ltr'><strong><em>Mauretaniamque.</em></strong></span> 
     </span>
    </p>
   </div>
   <div class='ocr_carea' id='block_1_23' title="bbox 1029 3090 1316 3094">
    <p class='ocr_par' dir='ltr' id='par_1_25' title="bbox 1029 3090 1316 3094">
     <span class='ocr_line' id='line_1_50' title="bbox 1029 3090 1316 3094; baseline 0 0"><span class='ocrx_word' id='word_1_509' title='bbox 1029 3090 1316 3094; x_wconf 95' lang='lat' dir='ltr'><strong><em> </em></strong></span> 
     </span>
    </p>
   </div>
  </div>
 </body>
</html>
