2092 3360
1911 0 1914 7 l
1938 0 2092 119 ῚἹἫ

1960 25 1994 41 ,4)

1992 43 1994 45 ’
2018 45 2023 58 θ

262 320 424 354 Cissonio
449 319 565 352 dicati
594 316 694 349 tituli
723 318 808 349 sunt
831 315 918 349 XIII
939 318 1037 350 6085.
1069 316 1273 350 Brambach
1295 318 1358 351 400
1384 316 1444 361 (=
1461 317 1624 351 Diintzer
1645 318 1891 352 Alterthiimer
1913 319 1972 353 des

258 376 419 409 Museum
443 372 787 413 Wallraf-Richartz
807 383 844 415 p.
861 373 907 407 26
930 383 966 406 n.
982 373 1052 415 40).
1084 373 1178 407 4464.

372 453 486 499 4599
531 453 604 492 deo
635 453 732 493 Mer.
765 453 981 493 Clavariati.

373 521 437 553 Les
468 519 645 562 Granges,
676 530 750 552 non
774 519 905 562 procul
928 530 949 552 a
978 518 1130 564 Troyes,
1162 530 1248 563 rep„
1274 523 1405 563 patera
1429 523 1603 564 argentea
1631 520 1737 562 (XIII
1759 522 1852 555 5020
1879 521 1973 555 vidit

256 579 471 617 Froehner).
521 577 563 609 In
585 579 692 618 parte
715 578 835 608 antica
858 578 1007 618 paterae
1031 576 1187 609 caelatus
1210 579 1264 609 est
1287 577 1490 610 Mercurius
1518 580 1556 609 in
1581 577 1745 610 aedicula
1770 580 1880 612 stans.

261 171 344 246 ⁴210
1016 202 1134 248 Caput
1156 202 1221 239 XI.

369 667 484 714 4600
519 681 629 709 num.
652 670 751 722 Aug.
780 669 784 724 Ι
813 675 852 709 et
871 670 945 709 deo
966 669 1138 710 Mercuri
1150 673 1234 718 (sic)
1262 667 1268 724 Ι
1294 669 1488 710 Dumiati²
1517 668 1522 725 Ι
1550 670 1780 711 Matutinius
1804 669 1810 725 Ι
1839 671 1971 712 Victo-

254 739 365 778 rinus
393 735 398 792 Ι
425 738 463 777 (1.
485 737 522 776 d.

368 804 411 837 In
436 814 527 846 agro
550 804 798 838 Arvernorum
823 803 1058 850 (Auvergne),
1083 806 1123 837 in
1145 814 1282 838 summo
1305 807 1424 838 monte
1446 803 1716 848 Puy-de-Dome
1739 816 1813 849 rep.
1838 817 1871 840 a.
1886 806 1971 840 4874

256 863 296 894 in
319 860 568 900 fundamentis
592 860 752 901 aedilicii
775 863 933 905 antiqui,
958 861 1090 894 tabella
1114 871 1242 902 aenea,
1267 862 1341 894 iam
1366 861 1731 895 Clermont-Ferrand
1754 862 1859 903 (XIII
1877 863 1971 897 4525

253 918 347 951 vidit
374 916 613 959 Hirschfeld).
649 936 694 941 —
733 918 765 960 1)
797 918 953 952 Mentem
984 915 1278 962 Puy-de-Do'me
1312 920 1430 951 aetate
1459 919 1609 961 antiqua
1644 918 1864 962 appellatum
1896 930 1970 952 esse

252 975 425 1008 Dumium
457 986 503 1007 ea:
538 974 604 1007 hoc
638 975 830 1016 agnomine
861 975 1035 1008 Mercurii
1075 975 1219 1008 videtur
1255 974 1379 1017 colligi
1402 985 1520 1018 posse.
1577 974 1620 1007 In
1656 976 1723 1008 hoc
1751 978 1794 1008 ut
1826 976 1970 1009 videtur

251 1029 341 1070 fano
371 1032 471 1063 stetit
507 1030 662 1063 colossus
693 1041 823 1064 aeneus
854 1031 1029 1065 Mercurii
1059 1041 1161 1074 quem
1193 1032 1234 1064 in
1270 1032 1415 1064 civitate
1449 1031 1586 1065 Galliae
1609 1032 1782 1065 Arvernis
1804 1032 1970 1066 Zenodo-

252 1097 315 1120 rus
345 1085 487 1127 artifexc
515 1085 606 1127 fecit
628 1090 846 1131 temporibus
872 1087 1028 1122 Neronis
1056 1087 1163 1132 (Plin.
1186 1089 1221 1122 h.
1243 1099 1278 1122 n.
1301 1089 1358 1130 54,
1372 1088 1446 1132 45).
1492 1089 1581 1121 Item
1605 1089 1671 1122 hoc
1693 1089 1836 1122 videtur
1857 1088 1970 1129 fuisse

251 1144 380 1184 fanum
416 1144 515 1187 apud
549 1144 733 1177 Arvernos
767 1147 894 1186 situm,
933 1143 1071 1178 Gallica
1108 1145 1239 1187 lingua
1270 1145 1382 1179 Vasso
1418 1144 1542 1178 Galate
1577 1148 1744 1178 vocatum
1778 1145 1843 1187 (cf.
1865 1146 1968 1187 infra

250 1200 296 1235 Ν.
311 1201 425 1245 4604),
461 1201 557 1243 quod
586 1202 802 1243 temporibus
836 1201 1026 1236 Valeriani
1055 1204 1089 1234 et
1122 1201 1277 1235 Gallieni
1306 1202 1543 1235 incenderunt
1572 1202 1769 1235 Alamanni
1798 1202 1967 1248 (Gregor.

254 1257 340 1291 Tur.
356 1259 438 1292 hist.
454 1257 590 1291 F'ranc.
606 1257 637 1299 4,
653 1256 731 1302 52).
781 1256 833 1298 Cf.
852 1257 1060 1298 Hirschfeld
1074 1258 1161 1291 XIII
1173 1269 1209 1301 p.
1228 1258 1302 1302 494,
1327 1259 1572 1301 Sitzungsber.
1591 1259 1655 1292 der
1672 1259 1790 1294 Alcad.
1808 1260 1842 1294 d.
1860 1259 1967 1295 Wiu.

250 1314 386 1347 Berlin.
411 1315 496 1348 4897
518 1325 554 1357 p.
571 1315 670 1348 4402.
692 1314 790 1348 4442.

363 1404 479 1451 4601
520 1407 593 1446 deo
625 1407 822 1447 Mercurio
855 1407 1111 1447 {ovantucaro
1142 1419 1216 1459 pro
1247 1407 1372 1447 salute
1407 1406 1414 1461 Ι
1448 1408 1665 1448 Romaniae
1695 1408 1897 1449 Romanae
1927 1416 1967 1449 et

250 1474 422 1514 Romani
439 1473 572 1514 Severi
590 1473 597 1526 Ι
615 1474 737 1514 lulius
752 1475 956 1515 Romanus
970 1481 1083 1528 pater
1097 1476 1204 1516 vissu
1218 1486 1287 1526 (sic
1300 1485 1475 1527 tradam)
1493 1477 1670 1517 monitus
1696 1473 1701 1530 Ι
1729 1489 1762 1515 v.
1780 1489 1812 1517 s.
1828 1477 1851 1520 l.
1872 1477 1896 1517 l.
1913 1489 1966 1517 m.

368 1540 500 1584 Tholey
523 1551 636 1583 prope
661 1540 712 1574 St.
733 1541 898 1584 Wendel,
922 1544 961 1574 in
983 1542 1118 1582 finibus
1139 1541 1385 1584 Treverorum,
1409 1553 1497 1585 rep„
1520 1544 1608 1576 cista
1632 1546 1674 1576 ut
1697 1542 1834 1576 dicitur
1857 1553 1966 1577 aenea

250 1598 361 1637 (Ann.
386 1596 496 1631 Rhen.
520 1599 574 1639 49,
596 1597 682 1631 4870
703 1607 739 1639 p.
757 1597 823 1631 488
846 1598 952 1630 semel
975 1598 1156 1640 descripta
1183 1610 1215 1631 a.
1233 1598 1347 1640 4755).

363 1676 479 1723 4602
518 1678 619 1732 Aug.
649 1691 750 1720 sacr.
781 1680 854 1719 deo
889 1678 895 1733 Ι
931 1680 1127 1719 Mercurio
1163 1679 1168 1731 Ι
1205 1679 1352 1719 Victori
1383 1677 1652 1735 Ma[9]1niaco¹
1683 1677 1936 1736 Vefl]launo²
1957 1678 1963 1730 Ι

250 1746 291 1789 C.
315 1746 516 1799 Capitoius
546 1751 615 1795 (sic
639 1751 798 1791 videtur)
829 1744 1040 1802 Macrilnus
1070 1748 1253 1788 restituit.

366 1812 491 1846 Hieros
507 1813 556 1846 ad
570 1812 782 1847 Rhodanum
799 1825 872 1847 non
890 1815 994 1857 longe
1011 1826 1032 1848 a
1050 1814 1228 1857 Lugduno
1247 1813 1333 1859 (XII
1346 1814 1441 1848 2575
1457 1814 1550 1847 vidit
1564 1814 1729 1857 Allmer),
1748 1835 1790 1840 —
1818 1818 1850 1858 1)
1873 1814 1966 1850 Muc-

248 1869 359 1912 niaco,
396 1871 429 1912 2)
454 1869 622 1904 Veilauno
649 1871 741 1914 lapis
766 1873 852 1903 teste
875 1871 1047 1904 Atlmero.

360 1948 476 1995 4603
516 1951 557 1991 in
588 1951 627 1991 h.
659 1951 696 1991 d.
728 1952 764 1991 d.
792 1951 797 2006 Ι
826 1951 899 1991 deo
930 1951 1102 1991 Mercur.
1125 1951 1281 1991 Mocco¹
1311 1950 1316 2003 Ι
1343 1950 1387 1990 L.
1409 1951 1542 1991 Mascl.
1564 1951 1762 1992 Masculus
1792 1958 1831 1992 et
1857 1951 1863 2005 Ι
1891 1952 1962 1992 Se-

248 2018 349 2059 datia
379 2019 570 2059 Blandula
597 2017 604 2073 Ι
630 2024 757 2059 mater
787 2032 835 2059 ex
865 2025 968 2059 voto.

360 2085 673 2128 Andemantunni,
698 2096 789 2129 quae
815 2089 848 2119 et
872 2088 1002 2120 civitas
1025 2085 1232 2128 Lingonum
1257 2084 1452 2130 (Langres)
1479 2084 1586 2130 (XIII
1603 2087 1689 2121 5676
1710 2089 1850 2130 partem
1873 2086 1965 2120 vidit

246 2140 480 2187 Hirschfeld).
496 2161 542 2167 —
561 2143 592 2185 1)
608 2142 678 2175 Dei
693 2153 821 2176 nomen
837 2144 1007 2175 mansisse
1020 2153 1086 2186 per
1102 2142 1215 2175 multa
1231 2142 1376 2175 saecula
1393 2142 1478 2176 colli
1494 2142 1637 2176 cuidam
1654 2143 1833 2186 appellato
1843 2137 1964 2177 ‘Mont

247 2198 289 2232 de
305 2193 447 2241 Moque'
472 2200 541 2231 sito
565 2209 678 2241 prope
701 2199 865 2242 Langres
889 2210 934 2232 ex
959 2201 1050 2232 actis
1074 2199 1284 2242 quibusdam
1307 2198 1474 2232 ecclesiae
1498 2199 1735 2242 Lingonensis
1758 2199 1934 2239 referunt.

358 2289 474 2338 4604
513 2289 585 2348 [i]n
618 2292 655 2331 h.
687 2293 724 2332 d.
756 2288 795 2348 [d
798 2289 822 2348 .]
849 2290 856 2346 Ι
891 2293 964 2332 deo
996 2288 1223 2347 Mercu[rio]
1258 2289 1263 2345 Ι
1296 2291 1557 2332 Vassocaleti¹
1584 2291 1590 2347 Ι
1625 2288 1928 2348 Mandaloniu[s]
1950 2278 1962 2346 Ι

246 2341 390 2400 Gratus
421 2361 458 2399 d.
490 2356 555 2415 [eL]

358 2426 514 2469 Bitburg
537 2429 577 2459 in
597 2426 758 2460 Treveris
775 2426 994 2470 (Brambach
1009 2427 1078 2461 855
1085 2435 1100 2470 ,·
1124 2426 1216 2459 vidit
1231 2427 1501 2470 Zangemeister
1523 2424 1572 2465 cll
1591 2425 1625 2460 C.
1644 2426 1672 2459 1.
1687 2425 1729 2461 L.
1746 2425 1836 2459 XIII
1846 2436 1883 2468 p.
1894 2425 1958 2460 494

244 2487 318 2518 not.
327 2485 376 2526 4).
386 2502 431 2509 —-—
451 2485 481 2526 1)
501 2484 574 2516 Hoc
586 2483 642 2516 vel
652 2483 764 2515 simili
777 2483 949 2517 vocabulo
961 2483 1089 2523 fanum
1101 2484 1220 2516 nobile
1233 2484 1332 2526 apud
1341 2484 1525 2516 Arvernos
1539 2481 1731 2525 (Mercurii
1740 2484 1819 2514 sine
1831 2481 1957 2523 dubio)

244 2540 462 2583 appellatum
486 2551 558 2572 esse
584 2540 698 2573 tradit
723 2539 919 2581 Gregorius
939 2538 970 2572 T
967 2542 1176 2582 uronensis,·
1201 2539 1248 2580 cf.
1267 2540 1315 2573 ad
1329 2539 1374 2574 Ν.
1387 2539 1475 2573 4600
1493 2542 1527 2571 et
1543 2536 1747 2577 Hirschfeld
1771 2537 1963 2581 Stczungu

245 2597 315 2629 ber.
341 2597 405 2630 der
429 2597 543 2630 Akad.
568 2597 601 2631 d.
633 2596 736 2632 Wiss.
761 2596 845 2629 4897
868 2606 902 2637 p.
924 2596 1008 2630 4445
1035 2599 1109 2629 not.
1127 2597 1158 2629 4.
1960 2600 1964 2602 “

358 2675 470 2721 4605
514 2677 634 2717 Merc.
662 2680 668 2728 Ι
696 2678 795 2731 Aug.
818 2677 974 2718 Visucio
1007 2677 1078 2717 Iul.
1105 2676 1111 2732 Ι
1139 2677 1351 2717 Montanus
1380 2676 1424 2716 T.
1456 2675 1526 2715 Iul.
1554 2674 1559 2729 Ι
1588 2675 1759 2715 Secundi
1791 2674 1923 2716 Fausti
1946 2670 1953 2729 Ι

244 2744 314 2785 lib.
376 2757 408 2784 v,
441 2759 471 2784 s.
503 2746 528 2784 l.
561 2758 613 2785 m.

341 2742 581 2853 ¹Burdigalae
619 2811 730 2855 (XIII
755 2811 820 2845 577
857 2811 949 2845 vidit
978 2809 1218 2854 Hirschfeld).
1268 2810 1407 2845 Visucii
1443 2809 1566 2842 titulos
1602 2809 1801 2852 composuit
1837 2807 1954 2841 Keune

247 2867 380 2903 Westd.
407 2867 743 2908 [sm-respondeum.
768 2867 854 2901 4897
876 2879 909 2909 p.
926 2869 972 2901 82
986 2879 1056 2909 seq.

357 2945 471 2991 4606
500 2946 709 3003 Merculrio
727 2946 919 3004 Vildu1co¹
939 2947 944 3002 Ι
963 2952 1182 2996 (Mercurius
1193 2943 1328 2998 uano}
1347 2947 1449 2986 cives
1467 2942 1475 3002 Ι
1492 2943 1700 3001 Lemolvic.
1719 2942 1724 2997 Ι
1742 2958 1775 2986 ν.
1787 2945 1838 3001 s]
1855 2945 1881 2985 l.
1899 2957 1950 2985 m.

358 3014 580 3057 Burdigalae
604 3014 709 3058 (XIII
729 3015 794 3049 576
818 3015 910 3048 vidit
935 3013 1167 3057 Hirschfeld).
1191 3033 1237 3039 —-
1263 3016 1295 3056 1)
1318 3014 1488 3047 Fortasse
1513 3024 1583 3046 esse
1607 3013 1767 3046 debuisse
1790 3009 1950 3045 Vlnvco

245 3070 408 3102 observat
432 3071 498 3103 Hir
485 3070 648 3132 schfeld.
