2092 3360
587 177 703 214 Tituli
727 177 824 214 sacri
847 179 885 214 et
908 176 1151 214 sacerdotum.
1179 197 1220 202 —
1246 175 1435 213 Hercules.
1811 175 1865 214 59

260 291 376 339 3449
415 293 576 334 Herculi
607 293 837 334 Fundanio¹
866 291 872 349 Ι
899 293 959 334 Ti.
983 292 1167 333 Claudius
1189 293 1356 333 Habitus
1382 290 1387 347 Ι
1416 291 1543 332 libens
1575 297 1707 332 votum
1739 291 1867 332 solvit.

261 361 405 403 Itomae,
432 363 556 404 postea
580 361 743 401 Parisiis,
777 361 871 393 basis
894 362 1036 394 statuae
1063 370 1201 403 parvae
1224 370 1355 393 aeneae
1382 358 1454 404 (VI
1472 357 1537 394 544
1570 358 1617 399 cs}
1642 369 1730 392 mus.
1755 357 1866 392 Illzen.

146 418 204 461 20,
228 417 314 452 4865
336 428 373 461 p.
390 418 461 452 623
485 417 597 451 deser.
624 416 809 460 Galland).
846 436 890 442 —-
928 419 961 459 1)
990 415 1169 460 Templum
1197 416 1358 450 Herculis
1382 415 1559 449 Fundani
1581 419 1803 450 memoratur·
1825 417 1866 448 in

146 476 222 508 vita
246 474 418 508 Floriani
439 475 524 516 imp.
550 485 578 508 c.
595 475 628 508 4.

260 554 376 600 345⁰
417 552 478 612 [G.
499 552 698 612 Ae]milius
719 555 761 596 C.
784 555 808 595 l.
831 555 1022 596 Eleuther
1044 555 1204 595 Herculi
1227 554 1375 595 Gallico
1406 566 1440 594 v.
1462 567 1493 594 s.
1517 555 1587 594 m.¹
1612 560 1709 600 (stc).

263 622 483 656 Piedimonte
503 633 616 666 prope
632 621 768 662 Allifas
791 624 830 655 in
853 621 986 662 finibus
1010 622 1152 656 Samnii
1175 624 1211 654 et
1228 621 1444 664 Campaniae
1469 619 1539 663 (IX
1551 621 1650 655 2322
1675 619 1870 654 Mommsen

147 679 241 713 vidit
263 681 458 723 ectypum).
482 697 527 704 --
558 681 591 721 1)
615 679 747 713 Votum
771 678 881 712 solvit
901 680 1043 712 merito.

262 759 375 807 8451
417 761 576 802 Herculi
611 759 618 816 Ι
653 761 877 814 ponderum
903 760 910 813 Ι
937 760 984 808 Q.
1006 759 1194 800 Aemilius
1220 756 1226 813 Ι
1252 758 1443 799 vibianus
1474 756 1480 813 Ι
1514 754 1620 813 b[f.]¹
1654 756 1745 796 trib.
1776 755 1867 796 coh.

150 828 445 878 lll...lo.v.

264 895 397 930 Romae
421 895 493 937 (VI
503 897 574 930 556
592 899 646 929 ter
662 896 841 939 descripta
856 904 947 929 saec.
965 893 1098 939 XVII).
1123 913 1166 918 —
1194 894 1225 936 1)
1243 893 1502 935 Beneficiarius
1526 891 1708 934 (traditur
1726 890 1758 932 b,
1781 899 1871 933 pro-

151 953 267 986 babile
290 956 342 985 esl
367 952 389 986 b
414 957 448 986 et
471 952 487 986 s
508 951 621 993 fuisse
644 952 904 995 contignatas).

262 1043 378 1091 3452
435 1044 596 1086 Herculi
633 1045 788 1085 Saxino
826 1056 982 1085 sacrum
1016 1046 1023 1094 Ι
1058 1044 1144 1084 Ser.
1177 1042 1376 1096 Sulpicius
1416 1041 1656 1094 Trophimus
1690 1040 1697 1094 Ι
1732 1039 1869 1080 aedem

149 1114 352 1154 zothecam
384 1113 556 1154 culinam
582 1111 590 1167 Ι
614 1113 784 1166 pecunia
814 1116 884 1153 sua
914 1115 937 1153 a
957 1112 1042 1153 solo
1066 1111 1238 1152 restituit
1264 1110 1271 1164 Ι
1297 1110 1481 1162 idemque
1511 1108 1701 1150 dedicavit
1732 1108 1769 1147 k.
1791 1107 1869 1147 De-

151 1181 301 1222 cembr.
337 1185 344 1233 Ι
381 1182 424 1222 1..
454 1181 634 1234 Turpilio
663 1181 811 1221 Dextro
842 1181 892 1221 M.
924 1180 1075 1221 Mtnecio
1106 1180 1210 1220 Rufo
1241 1179 1340 1219 cos.¹
1374 1177 1380 1231 Ι
1416 1177 1620 1231 Eutychus
1657 1188 1734 1217 ser.
1775 1187 1867 1227 per-

150 1249 349 1302 agendum
380 1250 544 1290 curavit.

268 1316 400 1350 Tibure
425 1316 531 1361 (XIV
547 1317 642 1351 3545
664 1327 770 1360 saepe
793 1316 972 1359 descripta
997 1327 1019 1348 a
1042 1325 1133 1350 saec.
1151 1314 1225 1349 XV
1234 1314 1283 1347 ad
1297 1313 1448 1356 XVIII).
1469 1330 1517 1337 —·
1544 1314 1573 1355 1)
1601 1311 1768 1346 Consules
1790 1307 1872 1348 suf·

150 1371 241 1413 fecti
264 1373 433 1407 videntur
455 1373 569 1414 fuisse
593 1374 811 1417 temporibus
827 1372 1040 1407 Flauiorum
1065 1374 1166 1413 (nam
1189 1373 1283 1405 alter
1306 1381 1429 1404 eorum
1452 1369 1595 1402 videtur
1619 1378 1690 1400 esse
1707 1366 1754 1400 M.
1772 1365 1865 1399 Mae-

152 1432 230 1463 cius
258 1429 374 1470 Rufus
412 1441 515 1474 quem
552 1433 690 1464 nummi
723 1430 972 1472 proconsulem
1003 1429 1201 1473 Bithyniae
1234 1427 1347 1468 fuisse
1382 1438 1414 1461 a.
1443 1427 1486 1460 79
1519 1424 1739 1470 perhibent),
1778 1424 1874 1456 certe

151 1497 224 1520 non
248 1490 393 1530 postea,
429 1498 508 1522 cum
533 1489 660 1531 postea
692 1487 854 1520 homines
882 1487 1023 1530 privati
1050 1484 1226 1526 suffectos
1257 1484 1418 1519 consules
1451 1485 1491 1516 in
1523 1484 1631 1516 annis
1660 1479 1870 1514 indicandis

152 1543 394 1587 neglegerent.

267 1634 382 1681 3453
431 1637 593 1677 Herculi
623 1637 798 1677 Saxsano
830 1644 869 1677 et
894 1635 902 1691 Ι
927 1636 1022 1688 imp.
1054 1634 1283 1687 Vispasiano
1314 1636 1398 1682 (sic)
1426 1631 1432 1687 Ι
1459 1633 1558 1685 Aug.
1590 1637 1628 1671 et
1659 1630 1748 1670 Tito
1778 1630 1873 1681 imp.

154 1711 193 1745 et
218 1704 225 1760 Ι
250 1704 477 1746 Domitiano
499 1705 654 1746 Caesari
680 1702 687 1758 Ι
713 1705 764 1745 Μ.
782 1705 918 1746 Vibius
938 1704 1124 1745 Martialis
1149 1702 1156 1755 Ι
1183 1707 1206 1738 7
1223 1703 1298 1755 leg.
1318 1701 1354 1741 X
1375 1701 1486 1741 Geni.
1509 1707 1547 1740 et
1568 1696 1873 1753 commililtones

154 1773 281 1814 vexilli
312 1774 387 1826 leg.
420 1773 542 1814 eiusd.
569 1772 576 1828 Ι
603 1773 672 1825 qui
702 1779 798 1814 sunt
826 1772 900 1813 sub
934 1784 1030 1812 cura
1060 1772 1146 1812 eius
1172 1770 1179 1824 Ι
1206 1784 1239 1810 v,
1270 1784 1302 1811 s.
1333 1770 1358 1809 1.
1392 1781 1442 1808 m.

269 1850 383 1898 3454
438 1853 466 1893 l.
498 1866 536 1893 o.
568 1866 620 1893 m.
653 1859 693 1893 et
722 1850 896 1907 Herlculi
927 1852 1039 1892 Saxa.
1067 1849 1073 1906 Ι
1109 1862 1264 1891 sacrum
1299 1847 1305 1904 Ι
1338 1849 1380 1889 Ρ.
1412 1848 1615 1901 Talpidius
1646 1848 1653 1898 Ι
1689 1846 1874 1886 Clemens

155 1924 180 1955 7
203 1921 279 1972 leg.
301 1921 388 1961 Vlll
411 1923 510 1974 Aug.
538 1918 544 1975 Ι
571 1933 662 1961 oum
693 1921 775 1961 mil.
806 1921 883 1972 leg.
905 1920 991 1960 eius
1009 1916 1013 1973 Ι
1032 1931 1066 1958 v.
1098 1932 1129 1959 s.
1162 1918 1186 1957 Ι.
1218 1918 1244 1957 l.
1276 1929 1328 1957 m.
1361 1920 1426 1964 (In
1450 1920 1563 1952 latere
1587 1919 1715 1952 dextro
1741 1918 1874 1958 clava).

273 1988 332 2020 Ad
353 1985 733 2032 Norroywous-Prbny
767 1988 894 2029 (prope
916 1984 1263 2026 Pont—d-Mousson),
1292 1983 1342 2016 ad
1365 1982 1558 2025 Mosellam,
1581 1991 1656 2024 rep.
1682 1982 1722 2013 in
1747 1980 1875 2023 lapici-

157 2044 263 2084 dinis,
294 2054 380 2083 asae
404 2043 507 2086 duae,
539 2045 626 2077 haec
657 2053 755 2077 nunc
783 2045 823 2075 in
851 2052 973 2075 nmseo
1007 2041 1321 2084 Sangermanensi‚
1354 2039 1419 2072 illa
1442 2037 1627 2072 Bruoeellis
1661 2037 1876 2081 (dele'neavit

156 2100 290 2134 Robert
312 2098 495 2142 Me'langes
520 2099 648 2133 Graux
669 2110 706 2143 p.
722 2100 808 2134 552.
830 2100 928 2139 534).
977 2098 1019 2130 In
1042 2097 1170 2131 iisdem
1189 2096 1410 2140 ,lapicidinis
1440 2096 1588 2128 extabat
1617 2095 1704 2138 rupi
1737 2095 1874 2127 incisus

159 2157 286 2191 titulus
311 2167 368 2200 ap.
393 2155 525 2189 Robert
548 2157 570 2189 1.
588 2166 618 2190 c.
639 2166 675 2198 p.
691 2156 774 2195 550,
799 2165 900 2197 quem
926 2155 1000 2187 alio
1026 2154 1102 2188 loco
1127 2154 1304 2188 dabimus.

270 2247 386 2294 3455
436 2247 598 2288 Herculi
625 2245 631 2302 Ι
659 2247 833 2288 Saxsano
861 2244 867 2302 Ι
894 2247 935 2288 C.
958 2246 1116 2287 Mettius
1142 2244 1148 2301 Ι
1175 2246 1326 2286 Seneca
1349 2249 1372 2280 7
1399 2243 1405 2301 Ι
1434 2246 1508 2298 leg.
1535 2244 1620 2284 XV¹
1654 2249 1694 2283 et
1719 2241 1725 2298 Ι
1752 2243 1875 2282 vexil-

159 2319 229 2360 lari
255 2318 262 2374 Ι
288 2319 364 2372 leg.
396 2317 571 2358 eiusdem
598 2317 605 2367 Ι
629 2329 665 2356 v,
696 2329 727 2356 s.
759 2316 783 2356 l.
814 2328 867 2356 m.

274 2385 588 2428 Schweppenburg
600 2387 615 2424 (
617 2393 726 2426 prope
738 2381 866 2425 Brolzl)
884 2392 959 2426 rep.
975 2382 1016 2414 in
1032 2381 1239 2425 lapicidinis
1252 2380 1526 2425 (Frendenberg
1542 2389 1628 2413 ann.
1641 2376 1874 2422 Rlzen.50l.¹il,

159 2443 242 2478 4874
257 2454 293 2486 p.
307 2442 402 2486 492).
441 2440 576 2475 Eodem
600 2439 679 2473 loco
703 2441 813 2472 etiam
836 2438 932 2472 alius
955 2438 1084 2471 titulus
1107 2437 1254 2471 Herculi
1269 2437 1420 2472 Saoeano
1444 2437 1628 2471 dedicatus
1653 2446 1674 2468 a
1699 2434 1876 2467 militibus

157 2500 298 2544 prodiit
316 2498 534 2540 (Brambaclz
548 2496 643 2541 672).
661 2515 705 2522 -
728 2498 760 2538 1)
786 2494 955 2529 Centurio
980 2495 1132 2537 legionis
1153 2495 1300 2538 quintae
1317 2495 1484 2528 decimae.
1522 2491 1765 2536 significatur
1781 2490 1875 2534 legio

160 2555 234 2591 XV
242 2557 475 2599 Primigenia.
519 2555 659 2587 Titulus
682 2554 800 2596 igitur
822 2554 874 2584 est
898 2552 1086 2594 antiquior
1109 2562 1205 2586 anno
1227 2561 1263 2594 p.
1291 2550 1370 2585 Chr.
1393 2551 1435 2584 70
1460 2549 1526 2594 (etl
1550 2559 1664 2593 supra
1687 2548 1734 2582 Ν.
1749 2548 1875 2590 2276).

275 2645 389 2693 3456
428 2647 587 2688 Herculi
609 2647 785 2687 Saxsano
812 2641 819 2698 Ι
845 2655 1000 2684 sacrum
1020 2643 1143 2683 lulius
1163 2642 1310 2696 Vi{ctor
1333 2645 1358 2682 7
1379 2655 1451 2695 pro
1471 2654 1514 2683 se
1544 2648 1584 2682 et
1609 2640 1876 2696 colmilitones

162 2715 395 2771 silngulares
425 2713 606 2771 pedite1s¹
639 2714 737 2755 Acili
768 2706 1030 2767 Straboni[s]²
1057 2708 1062 2764 Ι
1088 2710 1164 2763 leg.
1186 2710 1285 2762 Aug.
1316 2723 1351 2750 v.
1383 2723 1414 2750 s.
1445 2711 1470 2750 l.
1502 2723 1555 2750 m.

277 2782 391 2817 Brohl
411 2793 487 2825 rep.
513 2785 552 2815 in
578 2782 794 2825 lapicidinis,
819 2781 892 2812 iam
916 2777 1064 2811 Bonnae
1086 2776 1305 2820 (Brambaclt
1327 2778 1405 2817 665,
1429 2777 1585 2821 explevit
1606 2777 1877 2819 Zangemeister

169 2840 300 2874 IVestd.
323 2839 500 2873 Zeitschr.
523 2839 611 2873 4892
633 2850 670 2883 p.
686 2839 786 2878 282).
810 2855 856 2861 -
887 2837 919 2876 1)
942 2834 996 2867 De
1016 2833 1197 2877 peditibus
1219 2833 1466 2875 singularibus
1486 2833 1667 2877 praesidis
1692 2831 1740 2872 cll
1764 2843 1876 2875 supra

164 2897 210 2931 Ν.
225 2898 312 2931 2446
327 2900 400 2930 not.
413 2897 444 2930 4.
461 2913 508 2921 -
530 2897 565 2939 2)
589 2895 747 2929 Acilium
763 2893 976 2928 Strabonem
1000 2890 1149 2923 eundem
1170 2891 1277 2932 putat
1292 2889 1560 2931 Zangemeister
1584 2899 1686 2932 quem
1701 2891 1877 2922 memorat

170 2953 251 2988 Tae.
276 2964 309 2987 a.
336 2954 458 2996 44,58.
473 2971 519 2979 -
541 2952 677 2986 Eodem
703 2952 779 2984 loco
803 2948 910 2982 multi
935 2947 1002 2981 alii
1025 2946 1124 2979 tituli
1147 2946 1294 2979 Herculi
1318 2945 1466 2979 Saaeano
1490 2945 1548 2978 vel
1569 2945 1648 2978 Iovi
1670 2948 1705 2978 et
1729 2945 1877 2979 Herculi

166 3010 315 3045 saxono
333 3020 355 3043 a
371 3010 545 3043 militibus
559 3010 670 3052 positi
690 3007 908 3051 prodierunt
933 3003 1149 3049 (Brambaclz
1164 3002 1227 3036 654
1240 3012 1311 3045 seq.
1318 3014 1331 3042 ,·
1357 3001 1455 3035 Klein
1478 3001 1574 3035 Ann.
1595 3000 1703 3035 men.
1719 3001 1774 3043 84,
1790 3001 1876 3036 4886

164 3078 202 3111 p.
217 3068 295 3102 442.
317 3066 411 3110 446),
442 3075 594 3109 quorum
617 3062 809 3098 nonnullos
831 3062 905 3095 alio
928 3061 1006 3095 loco
1031 3060 1204 3093 dabimus.
