2092 3360
418 202 536 240 Tituli
559 202 656 239 sacri
680 203 719 239 et
741 201 985 239 sacerdotum.
1007 220 1054 228 —
1078 200 1139 237 Ex
1162 199 1257 237 actis
1280 198 1436 237 fratrum
1457 198 1657 235 Arvalium.
1807 199 1888 237 277

173 320 236 353 cie.
251 336 297 344 —
322 319 379 358 22)
403 318 457 351 De
473 317 555 351 ollis
571 316 676 351 cuuis
691 328 713 351 a
729 315 913 357 fratribus
927 315 1125 350 Analiba:
1149 314 1197 355 cll
1215 315 1358 348 Henzen
1373 325 1408 358 p.
1424 314 1491 354 30,-
1515 312 1732 356 Mar-quartu
1753 314 1892 349 Staats-

172 385 282 410 veno.
299 374 356 408 111
361 373 377 395 ²
399 375 484 416 4565
509 374 684 409 Wiuowa
709 372 932 418 Realeneycl.
947 384 976 408 s.
993 383 1024 408 v.
1042 371 1194 406 Arvales
1208 371 1344 412 fraires
1361 370 1415 415 (11
1425 381 1465 415 p.
1480 370 1592 414 4476).
1614 389 1661 397 —
1683 372 1742 414 23)
1765 369 1892 417 iaclue-

172 437 252 466 runt
278 431 415 474 legerat
430 431 622 474 Mar-inim,
645 431 764 464 minus
786 433 893 464 recte.
917 449 964 455 —
988 431 1046 473 24)
1071 428 1125 470 Cl2
1148 428 1345 462 Buecheler
1367 428 1503 461 Archiv
1519 426 1548 468 Ιί
1566 428 1630 462 lat.
1646 427 1844 472 Leoeikogr.
1859 429 1892 471 4,

172 489 259 522 4884
272 499 308 531 p.
322 488 385 522 409
409 490 473 532 qui
496 489 588 522 citat
610 487 762 521 Paulum
784 487 886 520 Festi
898 497 935 530 p.
951 486 1019 521 420
1035 486 1082 522 Μ.
1108 484 1232 531 (lama,
1252 495 1369 528 genus
1385 486 1514 519 herbae
1530 485 1588 518 vel
1599 487 1722 528 potius
1736 486 1892 530 spinae),

174 545 346 589 aliosque.
374 563 418 570 —
452 546 510 588 25)
532 545 610 579 Est.
632 563 680 570 —
713 545 772 586 26)
798 543 949 578 Carmen
971 545 1125 587 repetivi
1147 545 1189 576 ut
1212 542 1375 576 traditur
1397 543 1552 575 incisum
1576 542 1708 575 litter-ie
1730 542 1892 586 rudibus,

173 603 246 635 nin·
276 601 374 645 quod
402 602 594 643 voeabula,
625 599 704 642 fere
732 602 810 634 eine
840 600 918 634 ulta
940 601 1129 634 verborum
1162 600 1392 633 distinetione
1415 596 1589 640 ozai-ata,
1619 599 1765 641 diremi,
1794 609 1894 633 secu-

174 662 231 691 tus
255 660 294 691 in
317 659 387 692 hac
409 669 450 691 re
474 658 728 692 Mommsmum
753 657 858 702 (CIL.
884 657 905 690 I
922 668 959 701 p.
983 657 1055 700 40),
1085 667 1188 701 quem
1211 658 1251 689 in
1270 656 1454 699 plerisque
1476 658 1677 698 sequuntur·
1700 656 1894 690 Buecheler

174 725 285 750 carm.
303 717 417 758 epigr.
434 725 469 748 n.
482 714 500 748 4
526 718 562 747 et
586 714 748 759 Lindsay
765 714 964 748 Handbook
980 712 1028 754 ol*
1035 713 1144 748 Latin
1160 714 1395 756 inscriptions
1410 711 1581 756 [London
1592 711 1699 757 4897]
1711 723 1747 756 p.
1759 714 1809 748 25
1820 724 1891 757 seq.

175 771 296 815 (Alia,
320 774 440 806 minus
460 772 664 815 probabilia
688 774 731 805 ut
752 771 843 804 mihi
864 770 1019 812 videtur,
1044 772 1311 813 temptaverunt
1333 769 1416 810 alii,
1447 772 1489 802 ut
1510 769 1594 802 Birt
1616 770 1750 803 Archiv
1775 769 1804 810 s:
1830 771 1892 806 lat.

174 829 374 872 Leoeikogr.
390 829 443 870 44,
456 828 646 873 489814900
658 839 696 872 p.
710 828 774 863 449
781 829 884 873 seq).
920 828 1064 861 Partem
1080 828 1176 861 lianc
1193 826 1326 870 lapidis
1342 826 1614 860 delineaverunt
1628 824 1768 861 limem
1781 827 1893 861 Prisc.

173 885 254 921 Lat.
269 897 365 920 mon.
384 897 438 930 ep.
454 884 606 919 XXXVI
612 891 648 926 ⁸,-
677 885 844 918 Huebner
868 895 924 918 σω.
941 885 1066 927 script.
1082 885 1196 927 epigr.
1220 894 1256 917 n.
1273 883 1370 918 4024.
1418 883 1472 915 De
1494 885 1794 926 interpretatione
1817 885 1894 927 egit

174 945 282 977 etiam
308 943 443 976 Jordan
467 942 553 977 krit.
569 942 743 984 Beiira’ge
762 952 802 985 p.
818 942 884 975 492
896 952 967 984 seq.
983 959 1030 965 —
1053 942 1112 982 27)
1138 939 1220 974 SAII
1246 939 1330 983 SlA,
1368 942 1424 982 28)
1449 939 1593 974 alternie
1618 939 1710 983 lapis
1735 939 1800 985 (cll
1816 940 1892 974 Iov·-

175 1000 247 1034 dan
264 1000 384 1035 Herm.
400 1000 458 1042 44,
474 999 560 1033 4879
573 1000 717 1042 Ρ.634).
732 1017 778 1023 -
800 999 859 1040 29)
882 996 1032 1041 Reliqua
1052 1000 1257 1041 perscripta
1282 999 1322 1030 in
1342 999 1450 1040 parte
1470 1007 1594 1030 aversa
1620 997 1764 1031 tabulae
1788 998 1894 1031 omisi

175 1058 306 1100 quippe
329 1058 438 1089 nimis
462 1056 593 1090 lacera.
642 1055 714 1090 Sed
734 1055 816 1088 vide
841 1057 924 1088 acta
948 1056 1038 1087 anni
1059 1054 1128 1088 249
1155 1053 1216 1094 (Ν.
1232 1054 1350 1098 5040).

288 1180 403 1227 5⁰40
444 1178 662 1238 [prechati1
692 1188 788 1222 sunt
818 1193 909 1222 cum
939 1181 1071 1233 pultes
1103 1187 1309 1233 conteger.
1342 1187 1381 1221 et
1410 1181 1560 1234 precati
1591 1188 1686 1222 sunt
1716 1187 1755 1222 et
1774 1181 1894 1222 osteis

174 1251 320 1303 apertis
355 1263 428 1302 per
457 1250 600 1291 clivum
631 1250 889 1298 moraverunt,
932 1247 938 1303 Ι
979 1249 1111 1290 deind.
1143 1249 1304 1290 subsell.
1337 1262 1475 1289 marm.
1507 1249 1669 1290 consed.
1701 1255 1740 1290 et
1768 1261 1894 1301 panes

174 1317 293 1359 laur.²
323 1330 397 1370 per
426 1317 575 1371 public.
606 1318 740 1371 partiti
768 1324 876 1367 sunt,
908 1325 948 1358 et
976 1319 1068 1359 deas
1099 1323 1462 1370 unguentaverunt‚
1489 1316 1495 1372 Ι
1523 1323 1563 1357 et
1590 1318 1674 1358 aed.
1705 1317 1813 1357 clusa
1843 1330 1892 1367 e.‚

175 1399 282 1427 omn.
315 1387 421 1426 foras
450 1386 585 1434 exier.‚
624 1386 679 1426 ibi
710 1386 936 1427 sacerdotes
967 1386 1066 1427 clusi
1097 1387 1306 1434 succinet„
1346 1386 1489 1426 libellis
1527 1398 1622 1434 acc„
1664 1398 1785 1425 carm.
1817 1386 1893 1426 dic.

173 1454 438 1508 tripodaver.³‚
470 1454 613 1495 deinde
645 1455 761 1507 signo
791 1455 881 1495 dato
913 1455 1023 1507 publ.
1054 1455 1236 1495 introier.
1268 1461 1308 1495 et
1337 1454 1457 1495 libell.
1482 1466 1614 1506 recep.
1646 1460 1686 1493 et
1716 1459 1808 1493 ante
1837 1454 1893 1493 ia-

174 1536 293 1565 nuam
336 1523 432 1563 deae
467 1523 561 1563 Diae
598 1523 845 1564 adsteterunt
882 1530 921 1563 et
959 1520 1173 1580 colrona[s]
1212 1524 1391 1564 derectas
1429 1535 1504 1575 per
1543 1534 1687 1562 comm.
1723 1521 1894 1562 citante⁴

173 1592 367 1644 singulor.
405 1591 672 1632 inferentibus
709 1603 796 1631 aras
837 1596 1105 1643 contegerunt
1137 1598 1177 1631 et
1212 1592 1307 1632 deae
1347 1588 1573 1647 coronaltae
1610 1595 1723 1639 sunt;
1768 1596 1808 1630 et
1845 1590 1894 1629 de

175 1659 449 1701 Saturnalibus
482 1659 640 1712 primis⁵
671 1659 847 1700 Flavium
879 1659 1150 1700 Archesilaum
1187 1673 1287 1712 mag.
1320 1665 1557 1701 creaverunt
1594 1658 1729 1711 ibique
1766 1658 1892 1698 felicia

175 1729 298 1768 dixer.
338 1724 346 1781 Ι
391 1733 430 1767 et
463 1727 719 1768 desciderunt
751 1727 900 1767 lucum.
929 1734 932 1737 ’
960 1727 1158 1781 Depositis
1194 1729 1408 1781 praetextis
1444 1727 1645 1769 cenatoria
1685 1726 1772 1767 alba
1809 1739 1893 1767 acc.

175 1802 214 1836 et
244 1796 285 1836 in
316 1796 520 1848 tetrastylo
550 1792 731 1851 epulat[i]
763 1802 858 1836 sunt
883 1794 888 1850 Ι
917 1808 1052 1837 morae
1073 1800 1157 1845 (sic)
1191 1810 1361 1850 pompae
1390 1797 1432 1837 in
1464 1796 1715 1848 tetrastylum
1746 1795 1894 1835 fercula

174 1877 265 1905 cum
297 1863 498 1917 campanis
535 1870 574 1904 et
603 1863 812 1904 urnalibus
849 1864 964 1904 mulsi
999 1865 1248 1916 singulorum
1280 1862 1573 1920 tranlsieruntffi
1633 1864 1730 1904 Post
1758 1863 1895 1915 epulas

175 1933 373 1986 sportulas
402 1945 536 1985 accep.
557 1932 702 1983 singul.
723 1943 850 1984 praes.
875 1928 944 1987 [X]
966 1932 1020 1972 C⁷
1049 1938 1088 1972 et
1117 1945 1249 1973 rosam
1269 1933 1387 1973 solut.
1408 1944 1490 1972 acc.
1522 1938 1562 1972 et
1591 1932 1717 1972 felicia
1738 1932 1861 1972 dixer.
1886 1928 1894 1987 Ι

174 2001 326 2042 Deinde
363 2013 466 2052 mag.
497 2000 579 2040 Ael.
611 2000 866 2040 Secundinus
903 2001 1051 2040 latum⁸
1090 2001 1230 2041 sumsit
1268 2006 1308 2040 et
1345 1996 1586 2056 [r]icinium;
1637 2012 1890 2052 superaccep.

175 2082 315 2110 coron.
336 2068 521 2122 pactilem
552 2065 718 2123 roselam
750 2074 789 2107 et
817 2081 940 2120 super
969 2080 1149 2109 carceres
1179 2069 1383 2110 adscendit
1412 2074 1452 2108 et
1479 2068 1582 2120 sign.
1612 2068 1790 2120 quadrig.
1813 2067 1894 2119 big.

174 2137 332 2178 desult?
364 2133 523 2192 [mi]sit‚
553 2135 756 2189 praesid.¹⁰
780 2132 879 2192 [F]1.
902 2136 1130 2176 Archesilao
1157 2135 1162 2191 Ι
1191 2142 1231 2176 et
1261 2136 1407 2177 Saenio
1429 2137 1583 2176 Donato
1614 2135 1663 2176 ad
1694 2136 1893 2179 cretam¹².

289 2205 379 2246 XIII
399 2204 438 2245 k.
459 2204 581 2244 lun.¹²
605 2203 610 2258 Ι
639 2204 678 2244 in
712 2204 872 2244 domum
903 2204 946 2244 P.
967 2204 1051 2244 Aeli
1073 2205 1291 2245 Secundini
1322 2217 1424 2257 mag.
1445 2205 1555 2244 fratr.
1576 2204 1704 2244 Arval.
1726 2205 1773 2244 ad
1795 2217 1894 2245 con-

175 2286 317 2315 summ.
349 2273 516 2314 sacrific.
548 2273 643 2313 deae
673 2272 766 2312 Diae
797 2278 1092 2322 convenerunt,
1120 2270 1126 2326 Ι
1153 2279 1192 2313 et
1223 2272 1369 2326 epulati
1400 2278 1512 2321 sunt,
1543 2277 1584 2312 et
1613 2278 1703 2312 ture
1734 2279 1774 2312 et
1801 2272 1894 2312 vino

175 2344 371 2391 fecerunt,
403 2339 683 2381 ministrantib.
716 2352 829 2392 puer.
859 2341 1015 2394 patrim.
1047 2347 1086 2381 et
1115 2340 1285 2381 matrim.
1316 2347 1489 2382 senator.
1517 2341 1523 2392 Ι
1550 2340 1624 2380 filis
1658 2340 1726 2392 qui
1758 2352 1893 2392 supra,

175 2412 310 2463 fruges
347 2410 486 2450 livatae
525 2415 637 2457 sunt,
676 2420 750 2461 per
788 2409 1024 2450 calatoribus
1062 2408 1380 2450 ministrantibus
1419 2416 1459 2449 et
1498 2421 1571 2461 per
1600 2420 1748 2461 pueros
1779 2420 1892 2460 prae-

174 2476 356 2534 texltatos
394 2490 485 2518 cum
523 2477 694 2530 publicis
735 2477 782 2516 ad
821 2489 928 2517 aram
966 2477 1208 2526 retulerunt,
1251 2477 1395 2518 deinde
1435 2476 1682 2529 lampadibus
1719 2476 1894 2516 incensis

176 2548 324 2601 pariter
353 2541 605 2601 tusc[anic]as
635 2548 793 2592 (reliqua
817 2548 1019 2593 deficiunt).

290 2625 333 2659 In
349 2624 473 2658 tabula
489 2625 631 2667 reperta
648 2624 688 2655 in
704 2624 809 2655 vinea
828 2621 1126 2655 Ceccarelliarum
1142 2633 1175 2659 a.
1191 2622 1289 2665 4868,
1313 2623 1535 2665 adscriptum
1561 2621 1609 2654 ad
1622 2625 1703 2654 acta
1729 2622 1818 2654 anni
1831 2623 1875 2656 90
1881 2635 1894 2663 ,-

177 2682 320 2715 videtur
349 2692 423 2714 esse
449 2690 537 2723 pars
566 2682 731 2713 actorum
761 2681 850 2712 anni
872 2678 941 2712 219
974 2678 1043 2722 (VI
1065 2679 1174 2723 2067;
1210 2680 1353 2713 Henzen
1384 2681 1452 2712 acl.
1476 2679 1563 2711 Arv.
1589 2688 1628 2721 p.
1654 2677 1824 2721 CCVIII).
1848 2697 1894 2703 —

180 2739 213 2779 1)
237 2739 422 2772 Per-tinent
443 2738 530 2770 haec
553 2736 603 2769 ad
624 2746 728 2769 sacra
754 2736 828 2768 diei
849 2735 999 2768 secundi
1004 2743 1019 2778 ,⁶
1043 2734 1091 2775 cll
1115 2746 1157 2769 ea
1182 2746 1273 2779 quae
1294 2736 1525 2779 praecedunt.
1541 2754 1587 2760 —
1612 2735 1647 2776 2)
1671 2735 1894 2775 Lam-saeos,-

178 2791 227 2834 cl'.
250 2793 296 2829 N.
310 2794 413 2828 5059.
435 2811 478 2818 ——
501 2793 538 2835 3)
563 2792 714 2826 Carmen
738 2793 893 2826 dicentes
918 2792 1194 2835 tripodaverunt
1218 2793 1351 2836 (ipsum
1376 2803 1521 2826 carmen
1544 2802 1618 2825 non
1640 2790 1832 2835 refertur).
1847 2809 1894 2815 -

179 2852 214 2892 4)
236 2850 298 2884 Sic
322 2850 425 2894 lapis.
470 2849 674 2883 Emendare
697 2851 883 2893 temptavit
906 2847 1100 2882 Mommsen
1122 2859 1180 2892 ap.
1203 2849 1407 2883 Hmzenum
1427 2860 1464 2892 p.
1479 2849 1540 2883 55.
1567 2866 1614 2873 —
1645 2850 1680 2888 5)
1707 2847 1894 2890 Intellege.-

178 2908 218 2939 in
242 2906 455 2940 Saturnalia
476 2906 644 2940 secunda.
679 2924 726 2931 —
761 2908 796 2948 6)
820 2906 874 2938 De
897 2906 952 2938 lzis
983 2903 1032 2945 cf.
1055 2904 1199 2938 Henzen
1219 2916 1256 2949 p.
1277 2907 1337 2940 35.
1372 2926 1418 2931 —
1454 2909 1487 2949 7)
1513 2905 1660 2948 Singuli
1688 2905 1895 2947 praesentes

180 2962 348 2996 denarios
363 2966 526 2997 centenos
539 2963 676 3006 (singul.
691 2973 802 3006 praes.
816 2962 855 2996 lc
873 2963 993 3005 lapis).
1007 2980 1053 2986 —
1069 2962 1104 3003 8)
1119 2961 1260 3004 Latum,
1277 2963 1446 3005 intellege
1462 2962 1668 2996 clavum.—
1685 2963 1719 3002 9)
1737 2959 1893 3002 Quadri-

176 3021 251 3062 εῖτ,
271 3020 375 3062 bigis,
399 3019 640 3053 desultor-ibus
656 3018 722 3064 (csss
738 3018 782 3054 Ν.
794 3021 884 3053 5050
900 3021 974 3053 not.
986 3018 1057 3062 64).
1071 3036 1116 3042 —
1143 3020 1198 3060 10)
1214 3019 1513 3053 praesidentibus.
1527 3037 1569 3043 —
1598 3019 1654 3060 11)
1679 3016 1732 3057 Cf.
1750 3017 1893 3050 Henzen

176 3086 213 3118 p.
229 3076 288 3109 58.
309 3093 355 3099 —
382 3077 437 3118 12)
462 3075 548 3109 Dies
573 3077 701 3109 tertius
724 3077 822 3109 sacri
846 3075 932 3108 deae
956 3075 1057 3108 Diae.
1106 3073 1160 3115 Cf.
1184 3086 1262 3108 eam
1286 3086 1378 3118 quae
1401 3077 1575 3117 sequitur.
