2092 3360
260 136 287 175 8
1003 133 1122 179 Caput
1144 132 1208 168 XI.

375 247 489 295 3024
537 250 618 290 Iovi
649 244 873 302 depulso1ri‚
905 247 1029 288 Genio
1060 247 1155 300 loci,
1188 245 1195 300 Ι
1229 247 1279 287 Μ.
1303 246 1476 287 Valerius
1503 244 1508 301 Ι
1542 246 1821 287 Maximianus¹
1849 245 1856 301 Ι
1888 247 1968 300 leg.

259 322 359 373 Aug.
389 320 464 372 leg.
493 316 499 372 Ι
525 318 603 359 1112
631 318 729 367 Aug.
760 328 820 367 pr.
851 328 925 367 pr„
954 313 960 367 Ι
986 315 1138 364 consul,
1170 321 1209 355 et
1233 314 1239 370 Ι
1268 315 1380 367 Ulpia
1410 314 1645 355 Aristonico.

373 386 564 420 Lambaesi
589 383 695 427 (VIII
707 382 796 416 2624
822 382 914 414 vidit
932 381 1160 423 Wilmarms).
1178 401 1222 406 —
1250 384 1280 424 1)
1306 382 1397 415 Vide
1420 392 1531 424 supra
1554 381 1600 415 N.
1616 382 1693 416 402.
1711 400 1755 405 —
1780 382 1814 424 2)
1837 381 1879 416 111
1901 392 1968 415 nu-

259 453 378 477 merus
402 444 440 475 in
466 443 580 475 litura
603 441 793 473 restitutus
818 436 884 480 (cf.
909 447 1020 480 supra
1044 436 1089 471 Ν.
1106 438 1175 472 305
1198 441 1272 472 not.
1289 439 1322 482 4,
1346 438 1391 472 N.
1407 439 1499 473 2296
1522 442 1597 472 not.
1613 439 1668 483 5).

373 543 488 590 3025
537 544 567 584 Ι.
600 556 636 583 o.
668 555 718 585 m.
751 541 909 581 salutari
937 539 943 592 Ι
970 547 1009 580 et
1038 540 1164 580 Genio
1196 541 1335 582 domus
1362 539 1368 594 Ι
1395 542 1479 582 eius
1508 542 1553 581 L.
1576 542 1764 582 Serenius
1790 540 1798 591 Ι
1823 542 1967 583 Bassus

262 611 288 656 7
320 614 394 666 leg.
417 613 452 652 11
480 609 485 664 Ι
512 611 611 651 Adi.¹
642 609 868 663 gravissima
898 608 1123 648 infirmitate
1152 606 1159 661 Ι
1184 608 1372 649 liberatus
1397 607 1404 663 Ι
1430 612 1464 649 v'.
1495 622 1526 649 s.
1556 609 1581 650 l.
1612 622 1664 650 m.

371 679 530 722 Aquinci
545 688 620 720 rep.
641 677 715 718 (ΙΙΙ
725 677 809 710 6456
834 674 882 715 cf.
900 675 957 708 ΙΙΙ
970 675 1005 709 S.
1025 675 1133 709 10589
1158 674 1249 708 vidit
1264 674 1484 717 Mommsen).
1500 693 1544 699 —
1571 678 1603 720 1)
1630 676 1798 711 centur-io
1815 676 1968 720 legionis

254 736 430 769 secundae
452 734 664 767 Adiutricis.

368 825 482 872 3026
542 826 620 865 10νί
660 825 782 865 tutori
822 823 828 877 Ι
871 825 916 871 Q.
948 824 1133 864 Veturius
1165 824 1419 879 Secundus‚'
1460 827 1503 865 Α.
1537 825 1672 867 Libius
1705 825 1928 867 Hilarianus
1959 824 1965 880 Ι
2011 824 2013 827 ’

256 896 487 949 quaglator.¹
519 900 558 935 et
587 899 771 942 curator„
800 890 805 946 Ι
831 893 940 932 donu
971 892 1124 932 daeder.
1152 891 1158 948 Ι
1186 892 1416 933 cultoribus.

370 963 485 1006 Prope
513 962 646 995 Ostiam
669 970 745 1002 rep.
772 958 874 1003 (XIV
888 960 935 993 25
959 958 1065 1000 vidi).
1082 977 1127 983 -
1155 960 1187 1001 1)
1212 957 1414 1001 Quaglator
1438 959 1583 1002 collegii
1606 959 1762 993 alicuius
1786 962 1838 993 est
1860 962 1967 994 etiam

255 1019 290 1054 X
310 1020 411 1054 5940.
453 1018 674 1053 Vocabulum
699 1027 721 1049 a
746 1015 973 1058 coagulando
999 1015 1144 1049 ductum
1169 1015 1358 1059 respondet
1383 1014 1462 1056 fere
1486 1018 1645 1049 coactori
1670 1016 1876 1059 (Momm).

370 1121 483 1168 3027
540 1123 621 1163 lovi
647 1124 654 1173 Ι
680 1121 841 1162 tutatori
867 1119 874 1174 Ι
900 1121 1053 1161 maris&

370 1190 564 1223 Beneventi
588 1188 657 1230 (IX
676 1188 762 1222 4549
786 1188 954 1221 viderunt
975 1187 1168 1220 Mommsen
1193 1190 1228 1219 et
1250 1187 1419 1229 Dressel).
1436 1206 1479 1212 —
1507 1189 1540 1231 1)
1562 1188 1666 1221 Duae
1684 1190 1886 1231 postremae
1911 1187 1970 1220 litu

257 1249 354 1280 terae
380 1248 453 1279 iam
477 1257 551 1279 non
575 1248 712 1288 enatant,
737 1245 830 1278 vidit
852 1255 911 1277 eas
939 1244 1130 1278 Gualterus
1153 1247 1282 1277 auctor
1303 1246 1477 1280 sincerus.

367 1347 483 1394 3028
540 1355 677 1389 sancto
705 1346 712 1402 Ι
738 1348 817 1388 Iovi
846 1347 1020 1387 territori
1047 1347 1052 1402 Ι
1080 1360 1249 1388 sacrum.

368 1416 410 1449 In
435 1425 525 1458 agro
554 1415 743 1448 Tiburtino
767 1425 854 1458 rep.‚
880 1414 1007 1447 deinde
1030 1413 1161 1447 Romae
1186 1413 1288 1455 (XIV
1308 1416 1400 1449 5559
1428 1414 1520 1448 vidit
1544 1413 1715 1458 chzen).

367 1517 480 1564 3029
539 1519 703 1571 prestito
734 1518 814 1559 Iovi
845 1531 874 1558 s.
904 1514 909 1570 Ι
935 1515 951 1558 !
966 1515 983 1558 ,Ι
998 1515 1015 1558 !
1029 1515 1046 1558 l
1061 1515 1077 1559 l
1093 1516 1110 1559 !
1125 1516 1142 1560 ,Ι
1152 1519 1162 1540 ¹
1190 1516 1196 1572 Ι
1227 1519 1413 1559 tribunus
1445 1519 1532 1559 coh.
1563 1518 1598 1558 X
1624 1517 1631 1573 Ι
1657 1524 1796 1572 praet„
1836 1519 1966 1560 cultor

255 1584 442 1643 nulminis
481 1586 618 1638 ipsius,
659 1583 930 1641 proficliscens
968 1585 1015 1625 ad
1053 1583 1364 1641 opprimenldam
1402 1587 1613 1627 factionem
1654 1586 1662 1641 Ι
1702 1587 1967 1628 Gallicanam²

255 1656 363 1696 iussu
390 1654 396 1709 Ι
423 1654 615 1707 principis
645 1655 704 1694 sui
736 1667 842 1694 aram
869 1653 876 1708 Ι
903 1654 1015 1694 istam
1046 1654 1190 1706 posuit.

361 1722 574 1755 Poetovione
589 1731 677 1764 rep.‚
703 1724 755 1754 est
773 1721 913 1754 Gratzii
930 1720 1005 1764 (III
1016 1720 1104 1755 4037
1120 1720 1212 1754 vidit
1227 1720 1448 1765 Mommsen).
1462 1740 1504 1745 —
1523 1722 1556 1764 1)
1573 1720 1795 1755 Vocabulum
1811 1732 1965 1756 erasum.

254 1777 418 1821 Vestigia
442 1779 599 1811 nominis
615 1778 802 1811 Plautiani
824 1777 1086 1820 deprehendere
1109 1778 1179 1809 sibi
1203 1778 1299 1809 visus
1323 1780 1375 1810 est
1389 1778 1642 1821 hemer-stein,
1666 1778 1730 1811 sed
1753 1776 1801 1818 cf.
1818 1778 1964 1811 Hirsch-

253 1833 333 1874 feld
356 1834 410 1867 ΙΙΙ
426 1834 462 1867 S.
480 1834 598 1874 40868,
622 1835 707 1866 item
726 1834 941 1876 Prosopogr.
968 1833 1054 1876 Imp.
1070 1832 1167 1868 Rom.
1196 1835 1259 1866 sub
1287 1833 1321 1867 C.
1337 1834 1471 1867 Fulvio
1489 1834 1691 1869 Plautiano.
1716 1852 1762 1858 —
1785 1835 1819 1877 2)
1843 1833 1965 1877 Signi-

251 1891 359 1932 ficari
390 1890 517 1923 bellum
548 1889 699 1933 aliquod
727 1890 770 1922 de
798 1888 1010 1933 principatu
1036 1893 1177 1932 gestum
1208 1891 1305 1923 inter
1335 1892 1515 1923 eoeercitus
1539 1891 1784 1924 Pannonicum
1815 1893 1850 1923 et
1881 1890 1966 1925 Ger-

253 1948 434 1980 manicum
456 1949 563 1990 putat
585 1946 789 1980 Mommsen.
840 1946 997 1980 Titulum
1022 1957 1125 1988 arae,
1157 1956 1264 1989 quam
1288 1946 1366 1980 Iovi
1391 1948 1561 1991 praestiti
1584 1948 1748 1990 posuisse
1778 1948 1966 1984 dicebatur

252 2003 421 2036 Hercules
444 2005 568 2044 victor,
595 2003 758 2036 dabimus
781 2001 882 2042 infra
906 2002 951 2036 N.
967 2003 1068 2037 5401.

363 2093 479 2139 3030
528 2084 601 2135 de'o
632 2095 719 2135 lobi
745 2097 751 2145 ι
777 2094 977 2147 prestabili
1004 2092 1010 2149 Ι
1037 2095 1078 2135 Ρ.
1108 2095 1238 2135 Staius
1265 2096 1270 2144 ι
1298 2093 1588 2150 Eutychilanus.

370 2161 606 2204 Terraloggia
631 2172 704 2195 non
731 2161 835 2204 longe
859 2172 880 2194 a
904 2162 1103 2195 Benevento
1129 2160 1199 2202 (IX
1218 2161 1303 2195 4498
1326 2162 1418 2194 vidit
1442 2161 1676 2205 Hirschfeld).

365 2262 476 2309 3031
529 2274 603 2318 (vir
620 2276 746 2309 habitu
762 2276 858 2309 Iovis
880 2286 908 2312 s.
924 2274 1062 2315 fulmen
1086 2278 1120 2308 et
1145 2275 1344 2318 tridentem,
1369 2276 1402 2310 d.
1417 2265 1599 2310 'bidentem
1624 2279 1756 2319 tenens,
1774 2287 1870 2320 pone
1892 2278 1963 2311 del·

245 2337 396 2379 plzinus)
430 2332 520 2372 Iove
549 2333 682 2374 iutori.

365 2398 408 2432 In
433 2400 556 2433 tabula
580 2399 687 2441 fictili
706 2401 907 2443 picturata,
930 2409 1004 2442 rep.
1033 2398 1258 2442 Urbisagliae
1281 2402 1320 2432 in
1345 2400 1485 2443 Piceno,
1504 2401 1644 2443 pictum
1669 2399 1739 2442 (IX
1755 2399 1846 2435 5531
1869 2400 1963 2433 vidit

251 2454 466 2498 Mommsen‚·
501 2458 622 2499 imago
648 2460 700 2490 est
721 2456 945 2490 Monumenti
968 2456 1047 2489 dell'
1071 2456 1158 2491 Inst.
1185 2457 1283 2490 arch.
1300 2456 1354 2490 XI
1375 2458 1443 2491 tab.
1459 2457 1566 2492 XVII
1589 2458 1777 2491 enarravit
1799 2455 1962 2490 Schmidt

250 2521 333 2545 ann.
360 2514 441 2546 inst.
466 2513 552 2547 4880
572 2524 609 2556 p.
626 2514 699 2555 65).
747 2513 790 2546 In
813 2514 924 2546 simili
948 2513 1070 2546 tabula
1095 2523 1169 2546 una
1202 2515 1344 2556 reperta
1369 2514 1472 2556 picta
1502 2516 1554 2546 est
1575 2513 1756 2555 Minerva,
1788 2514 1828 2546 in
1852 2513 1960 2546 tertia

255 2567 429 2610 Victoria,
454 2569 516 2601 sed
538 2572 614 2602 sine
636 2570 943 2612 inscriptionibus.
966 2589 1013 2594 —
1035 2570 1116 2604 Iove
1139 2569 1242 2603 lutori
1267 2570 1438 2611 Momms„
1468 2569 1547 2604 love
1569 2570 1659 2604 lutor
1684 2568 1799 2603 Scltm.

363 2670 478 2717 3032
527 2673 606 2713 Iovi
634 2671 640 2726 Ι
666 2675 934 2726 impetrator?
961 2674 968 2728 Ι
995 2676 1038 2716 Α.
1072 2675 1113 2715 L.
1146 2675 1186 2715 C.

365 2738 508 2781 Romae,
535 2741 575 2772 in
599 2742 695 2783 cippi
717 2751 792 2784 rep.
817 2743 855 2774 in
880 2741 980 2775 alveo
1002 2741 1139 2775 Tiberis
1163 2742 1299 2775 duobus
1323 2740 1495 2774 lateribus
1519 2738 1591 2779 (VI
1609 2738 1724 2773 5095&
1746 2755 1793 2768 ==
1815 2737 1959 2773 Notizie

253 2794 350 2837 degli
373 2798 471 2828 soavi
494 2795 580 2829 4895
600 2806 638 2838 p.
654 2798 694 2830 44
719 2797 886 2830 viderunt
913 2798 1077 2840 Vaglieri
1100 2801 1134 2831 et
1157 2797 1336 2839 Huelsen).
1361 2815 1405 2821 —
1436 2796 1467 2837 1)
1493 2793 1546 2835 Cr.
1571 2794 1672 2834 infra
1696 2794 1741 2829 N·
1763 2794 1900 2840 545415·

361 2897 475 2943 3033
524 2900 604 2940 Iovi
631 2899 636 2955 Ι
664 2902 900 2954 opsequenti
927 2903 933 2954 Ι
959 2902 1130 2955 publice.

369 2966 458 2998 Olim
491 2966 762 3009 Bagnacavallo
791 2971 886 3002 inter
915 2969 1121 3003 Ravennam
1153 2971 1187 3001 et
1215 2966 1443 3008 Faventiam,
1473 2966 1545 2998 iam
1575 2963 1773 2998 Ferrariae
1803 2963 1959 3007 (Xl1658

249 3021 340 3054 vidit
362 3021 582 3063 Mommsen).
