2092 3360
272 165 354 204 124
1011 160 1131 206 Caput
1156 159 1222 196 XI.

382 277 496 323 3987
552 270 638 317 ‘deis
664 275 671 330 Ι
698 274 1010 316 Ambrosialihus
1035 273 1041 331 Ι
1069 305 1079 316 .
1098 306 1107 316 .
1140 276 1292 317 Vettius
1324 276 1479 317 Primus
1506 273 1512 330 Ι
1538 275 1576 315 d.
1607 275 1645 316 d.
1676 275 1703 315 l.

388 346 501 379 Clusii
525 345 594 386 (XI
615 344 704 377 2095
727 343 821 375 vidit
844 342 1029 376 Bormann
1054 346 1202 386 praeter
1230 353 1367 387 paucas
1391 343 1534 376 litteras
1557 352 1673 385 nuper
1695 345 1737 375 ut
1760 342 1904 376 videtur
1927 342 1986 376 de-

264 404 460 446 perditas).

380 491 495 538 3988
554 496 609 541 (m
646 499 798 539 corona)
837 490 985 546 ΚῦριΙ
1017 499 1147 546 χαῖρε
1191 495 1350 540 (deinde)
1389 492 1463 533 deo
1502 491 1657 532 amabili
1684 491 1691 546 Ι
1718 504 1817 533 sacr.
1846 489 1851 547 Ι
1878 491 1987 532 Aelia
2057 515 2065 544 g

267 562 416 602 Ehorte
442 563 526 609 (sic)
554 559 559 615 Ι
587 560 693 600 fecit.

381 627 512 660 Romae
538 625 611 670 (VI
622 627 686 661 442
704 642 749 655 =
766 627 878 660 Inscr.
898 626 957 660 Gr.
976 626 1076 660 Sieil.
1093 625 1172 659 Ital.
1189 627 1256 660 959
1278 628 1422 668 saepius
1445 627 1623 670 descripta
1646 637 1738 662 saec.
1757 624 1987 671 XVJJXVJI).
2044 666 2049 678 ι

382 717 496 763 3989
555 720 668 760 lucus
694 718 701 773 Ι
728 732 840 760 sacer
866 719 871 774 Ι
899 719 994 759 deae
1022 717 1028 773 Ι
1056 718 1270 759 Satrianae.

380 785 511 820 Romae
536 786 607 830 (VI
626 786 688 820 444
713 785 760 826 ef'.
784 787 898 821 50695
923 786 1113 828 aliquoties
1138 785 1318 828 descripta
1341 796 1433 820 saec.
1451 784 1568 829 XVI).

381 876 498 923 3990
556 879 615 919 dis
647 876 846 934 dealbusq.
875 878 880 931 Ι
908 876 1282 931 ΠΡὺί551νίΙθῃ5ἰὴυ5
1309 877 1314 933 Ι
1342 878 1387 918 Τ.
1412 878 1567 919 Flavius
1593 878 1599 932 Ι
1626 878 1816 918 Maximus
1842 875 1848 933 Ι
1874 890 1987 931 proc.

266 948 365 999 Aug.
393 945 399 1002 Ι
427 947 474 987 ab
507 947 666 987 orient.¹
695 945 701 1000 Ι
727 947 876 987 donum
905 943 910 1001 Ι
937 946 1054 986 misit.

386 1013 608 1049 Urbisalviae
633 1013 701 1059 (IX
712 1015 806 1048 5529
829 1013 922 1047 vidit
937 1012 1097 1057 Nissen).
1113 1031 1159 1038 —
1186 1013 1219 1054 1)
1244 1012 1425 1056 Intellege,
1450 1012 1651 1046 Maoeimum
1675 1014 1719 1046 ab
1747 1013 1901 1054 Oriente,
1925 1013 1990 1046 ubi

268 1071 428 1113 degebat,
453 1071 586 1104 donum
609 1072 746 1103 misisse
770 1071 841 1104 diis
865 1072 1008 1113 patriis.
1509 1090 1511 1094 f

380 1160 495 1207 3991
556 1163 630 1203 diis
660 1163 856 1216 propitiis,
884 1161 890 1218 Ι
916 1162 1090 1203 Mactinii
1116 1162 1122 1215 Ι
1148 1143 1397 1209 νίνειιίεΙῌη
1423 1166 1550 1210 latere)
1576 1163 1761 1203 Dedicata
1793 1161 1879 1201 VIII
1900 1161 1988 1203 idus

267 1231 389 1272 Maias
416 1229 421 1286 Ι
449 1230 679 1271 Marcellino
710 1237 750 1272 et
780 1231 956 1271 Probino
988 1230 1104 1273 coss.¹

380 1297 515 1331 Romae
551 1298 623 1337 (VI
642 1298 742 1343 40819
777 1299 1051 1341 inscriptionem
1080 1295 1216 1337 frontis
1245 1292 1337 1330 vidit
1369 1296 1502 1330 Knibbe
1535 1300 1663 1331 auctor
1693 1294 1988 1341 accuratus).—

270 1357 301 1396 1)
326 1355 367 1388 A.
383 1355 462 1389 544.
501 1355 561 1387 Ad
585 1356 677 1388 hane
700 1355 808 1395 lictae
832 1358 918 1388 sunt
940 1356 1195 1397 inscriptiones
1222 1354 1274 1388 VI
1293 1355 1328 1396 5,
1349 1353 1471 1389 5577*.

379 1445 495 1492 3992
534 1446 777 1487 intrantibus
797 1447 862 1486 hic
885 1448 981 1487 deos
1007 1446 1014 1499 Ι
1040 1447 1236 1500 propitios
1258 1452 1297 1487 et
1317 1443 1527 1503 basilic[ae]
1558 1445 1563 1502 Ι
1591 1446 1836 1486 Hilarianael
1868 1448 1988 1491 (infra

267 1515 390 1548 oculus
416 1515 592 1547 humanus
617 1514 742 1546 laneea
766 1513 964 1556 perfossus,
988 1516 1028 1547 in
1052 1525 1155 1558 quem
1179 1515 1400 1548 invehuntur
1424 1515 1529 1547 varia
1555 1511 1758 1558 animalia.)

381 1570 513 1603 Romae
537 1581 611 1612 rep.
645 1581 679 1604 a.
704 1570 790 1604 4889
814 1572 855 1603 in
877 1574 998 1604 monte
1024 1571 1153 1614 Caelio,
1182 1573 1428 1615 pavimentum
1453 1571 1669 1604 tessellatum
1694 1569 1845 1614 (Hillsen
1867 1568 1988 1606 Hoem.

267 1627 387 1661 Mittlz.
411 1627 508 1668 4894,
533 1627 595 1662 409
604 1640 617 1668 ,·
646 1629 767 1669 imago
794 1629 849 1659 est
873 1627 957 1661 bull.
983 1637 1071 1661 eom.
1094 1628 1180 1662 4890
1205 1629 1277 1662 tab.
1294 1628 1322 1662 Ι,
1350 1628 1402 1668 II,
1438 1637 1543 1670 quam
1567 1628 1736 1670 repetivit
1758 1624 1991 1660 Bienkowski

268 1685 411 1717 Eranos
441 1683 592 1718 Vindob.
615 1695 652 1726 p.
675 1682 770 1729 286).
809 1703 852 1708 -
889 1684 943 1716 De
973 1684 1075 1717 oculo
1106 1684 1280 1727 maligno,
1316 1687 1352 1717 et
1383 1683 1558 1727 quomodo
1589 1685 1632 1716 ab
1665 1685 1826 1727 antiquis
1857 1682 1991 1727 effingi

268 1740 395 1773 solitus
418 1742 474 1778 sit,
499 1743 580 1781 post
603 1739 771 1773 Iahnium
797 1741 895 1773 diaeit
918 1738 1149 1774 Bienlcowslci
1172 1741 1195 1775 Ι.
1213 1751 1242 1774 o.

383 1830 500 1877 3993
548 1833 648 1872 votis
679 1830 863 1873 omnibus
898 1831 903 1888 Ι
946 1833 1181 1874 caelestibus
1215 1831 1221 1889 Ι
1264 1834 1608 1874 consentientibus
1643 1832 1648 1889 Ι
1689 1827 1990 1877 benevertenti-

268 1900 384 1953 busq.
412 1900 419 1955 Ι
446 1900 489 1940 L.
522 1900 660 1941 Parius
687 1898 692 1956 Ι
720 1901 900 1941 Hermes.

389 1967 543 2000 Tradate
566 1969 606 2000 in
632 1977 722 2010 agro
747 1967 1008 2030 Mediolanensi
1033 1967 1090 2011 (V
1105 1967 1194 2002 5654
1224 1969 1277 2001 bis
1301 1967 1464 2031 fortasse
1465 1968 1696 2031 deseripta
1682 1978 1773 2002 saec.
1797 1966 1989 2013 XVJXVI).

367 2028 497 2104 3994
548 2028 714 2100 Numini
743 2058 748 2115 Ι
776 2061 939 2100 deorum
968 2057 973 2114 Ι
1001 2060 1038 2099 d.
1070 2060 1107 2099 d.
1135 2059 1141 2115 Ι
1169 2060 1216 2107 Q.
1249 2040 1415 2100 Naevius
1442 2058 1447 2115 Ι
1475 2060 1639 2113 Carpus.

381 2126 564 2170 Frui-cati,
587 2127 650 2160 sed
672 2126 802 2160 Romae
825 2125 982 2166 fortasse
1005 2137 1080 2169 rep.
1108 2126 1182 2170 (VJ
1199 2126 1282 2161 559.
1305 2126 1392 2160 XIV
1412 2127 1506 2161 2582
1531 2128 1585 2159 bis
1608 2127 1817 2171 descripta).

384 2187 496 2251 3995
558 2209 601 2248 Vi
629 2187 786 2248 divinae
814 2206 819 2263 Ι
847 2220 1003 2249 sacrum
1032 2206 1037 2263 Ι
1066 2208 1106 2248 C.
1139 2208 1290 2249 Vettius
1322 2208 1362 2249 C.
1394 2206 1454 2262 121
1483 2208 1664 2248 Gavolus.
1709 2211 1768 2256 (In
1793 2210 1920 2257 latere)
1942 2207 1989 2248 Vi

231 2287 236 2291 ’
271 2275 413 2316 divinai
441 2273 448 2329 Ι
474 2288 643 2316 sacrum.
696 2280 755 2326 (In
779 2282 852 2315 alio
878 2280 1005 2325 latere)
1038 2276 1083 2316 Vi
1114 2276 1267 2316 divinae
1293 2276 1299 2332 Ι
1326 2288 1495 2316 sacrum.

385 2329 574 2386 Aquileiae
599 2354 684 2386 rep„
706 2346 833 2386 postea
857 2343 1016 2377 Venetiis
1041 2343 1093 2383 (V
1106 2343 1174 2378 857
1199 2343 1248 2376 ad
1270 2343 1472 2386 eoeemplum
1496 2343 1594 2386 quod
1610 2342 1753 2375 eoehibet
1775 2343 1926 2385 Pighius
1948 2343 1990 2376 in

271 2400 390 2432 codiee
412 2399 668 2462 Berolinensi).

384 2487 497 2533 3996
556 2490 598 2531 C.
629 2490 815 2531 Hosidius
845 2488 1079 2547 Marleianus
1114 2504 1205 2531 cum
1236 2492 1317 2533 suis
1358 2491 1364 2546 Ι
1406 2460 1522 2539 (intra
1548 2494 1738 2539 eoronam)
1769 2490 1948 2531 Pantheo
1979 2494 1986 2544 Ι

274 2569 443 2597 sacrum.

387 2623 516 2657 Romae
542 2624 613 2668 (VI
632 2625 699 2658 557
723 2626 835 2660 deser.
860 2625 1024 2659 Metellus
1047 2628 1083 2659 et
1105 2626 1289 2668 Smetius).
1312 2645 1358 2651 —
1388 2624 1510 2658 Aliam
1534 2625 1805 2668 inscriptionem
1828 2626 1985 2660 Pantheo

272 2681 311 2712 in
335 2681 423 2712 urbe
448 2680 648 2713 dedicatam
673 2682 832 2714 dedimus
859 2693 969 2724 supra
995 2681 1038 2716 Ν.
1063 2683 1166 2718 4585.

385 2768 499 2815 3997
557 2772 630 2813 deo
662 2786 807 2827 magno
835 2772 840 2830 Ι
867 2774 1044 2832 Pantheo
1077 2788 1124 2814 ex
1154 2780 1243 2814 voto
1271 2772 1277 2829 Ι
1304 2773 1437 2826 posuit
1467 2773 1534 2825 qui
1565 2776 1605 2813 et
1635 2774 1766 2827 sign.¹,
1793 2771 1801 2830 Ι
1827 2774 1986 2816 Caesius

274 2838 424 2879 Vitalio.
456 2839 501 2879 L.
533 2840 569 2880 d.
601 2841 638 2881 d.
670 2842 707 2881 d.
759 2847 830 2888 (Ab
856 2847 972 2880 altera
990 2846 1114 2892 parte)
1139 2842 1217 2890 Qui
1247 2855 1280 2882 v.
1312 2854 1348 2881 o.
1381 2845 1465 2889 (sic)
1496 2854 1527 2881 s.
1557 2841 1582 2882 l.
1610 2838 1616 2897 Ι
1642 2842 1713 2882 m.²
1742 2842 1928 2883 Viribus⁸.

388 2905 584 2940 Mediolani
614 2908 670 2948 (V
685 2909 775 2943 5798
804 2909 897 2942 vidit
925 2909 1149 2952 Mommsen).
1186 2927 1231 2934 -
1269 2909 1302 2951 1)
1325 2907 1487 2950 Signum.
1521 2926 1563 2932 —
1602 2909 1635 2951 2)
1660 2908 1792 2942 Votum
1804 2908 1854 2954 (Γ)
1877 2908 1987 2942 solvit

274 2961 386 2994 libens
408 2965 546 2999 merito.
570 2983 614 2988 —
641 2966 674 3007 3)
700 2964 754 3004 Cl'.
778 2964 824 2999 Ν.
839 2965 939 3000 5874.

389 3017 529 3060 Signum
555 3030 690 3054 aereum
671 3022 902 3083 pantheum
930 3022 982 3056 dis
1007 3022 1136 3084 deabus
1161 3022 1364 3055 dedicatum
1388 3021 1493 3054 habes
1516 3030 1630 3063 supra
1653 3020 1699 3056 Ν.
1715 3020 1813 3056 2076.

2084 1161 2092 1197 ἓ

2085 1202 2092 1234 ε

2086 1245 2092 1273 I

2084 1342 2092 1373 ,ι

2086 1373 2092 1419 ³.

2082 1443 2092 1482 ἐξ

2086 1501 2092 1515 Ι
