2092 3360
576 151 692 190 Tituli
716 152 813 189 sacri
836 155 874 189 et
897 152 1141 189 sacerdotum.
1167 173 1212 179 —
1236 152 1414 190 Fortuna.
1799 154 1852 194 89

135 265 294 308 sehet-am
321 277 513 311 peeorum;
548 265 596 307 ef.
621 266 749 301 Festus
769 277 806 310 p.
826 267 906 301 167.-
938 268 978 300 in
1006 269 1197 310 pecoribus
1226 269 1339 302 bonus
1365 270 1562 312 proventus
1590 266 1737 310 feturae
1761 270 1854 302 bona

135 325 238 358 natio
261 324 399 359 dicitur
421 323 536 370 (Mo).
562 342 605 348 —
631 324 665 366 2)
690 323 743 356 De
765 322 864 365 filesa
887 322 1008 364 forma
1035 322 1082 364 cl'.
1107 324 1134 358 1.
1153 324 1317 358 Schmidt
1340 325 1458 359 Herm.
1485 325 1507 359 l.
1533 336 1563 359 e.
1585 336 1621 370 p.
1636 326 1701 360 454
1724 327 1799 359 not.
1815 326 1852 360 5.

135 380 232 415 Iovis
257 381 335 422 filia
352 381 520 415 For-luna
538 381 760 423 Prtmffgenia
779 383 970 424 praeterea
995 391 1068 414 non
1093 381 1228 414 dieitur
1250 382 1324 415 nisi
1346 383 1386 415 in
1411 381 1455 416 N.
1468 383 1559 417 3683
1583 386 1624 415 ut
1639 382 1792 416 videtur.
1809 401 1854 406 —

138 438 172 480 3)
197 439 493 474 ΡΩΙΜΟΟΕΝΙΑ
517 448 590 471 aes.

249 528 363 575 3685
413 530 613 571 Fortunae
640 528 647 584 Ι
674 530 774 571 lovis
803 530 951 583 puero¹
987 527 993 583 Ι
1030 530 1288 583 Primigeniae
1314 530 1320 587 Ι
1352 531 1390 571 d.
1422 531 1459 571 d.
1487 530 1494 587 Ι
1529 545 1576 572 ex
1605 538 1714 572 sorte
1744 543 1853 571 com-

136 611 211 652 pos
237 595 244 655 Ι
271 599 398 639 sactus
425 596 431 653 Ι
456 599 611 656 Nothus
641 598 854 638 Ruflcanae
882 596 888 654 Ι
916 598 958 638 L.
990 600 1017 638 f.
1048 599 1240 639 Piotiiiae.

251 666 439 699 Praeneste
463 664 564 711 (XIV
585 666 678 699 2862
703 664 750 704 cf.
772 675 809 708 p.
825 666 888 699 494
913 668 1042 708 quater
1064 666 1246 708 descripta
1268 676 1361 700 saec.
1385 665 1472 699 XVI
1476 665 1602 711 [XVII
1599 665 1632 711 ).
1657 685 1698 690 —
1737 668 1768 707 l)
1793 666 1855 700 Sie

139 722 309 758 traditur.
346 723 458 756 Pueri
472 722 684 755 vocabulum
701 720 878 761 feminino
895 733 999 755 sensu
1023 722 1224 755 adhibitum
1245 725 1352 766 putat
1369 722 1570 764 Mommsen,
1595 725 1713 756 citans
1731 723 1855 757 Chari-

137 781 232 813 sr‘um
249 781 312 823 qm·
329 780 442 813 tradit
457 779 557 822 apud
572 780 740 822 antiquos
756 779 797 812 id
811 780 864 812 ita
881 781 920 812 in
937 789 1006 812 usu
1020 777 1146 820 fuisse,
1162 781 1204 811 ut
1220 779 1319 820 apud
1337 778 1490 813 Graecos
1515 774 1536 816 ὃ
1555 785 1646 821 παῖς
1662 783 1698 812 et
1713 775 1734 826 ἦ
1753 784 1855 823 παῖς,

138 839 172 870 et
195 837 310 879 ipsam
334 836 542 870 Fortunam
568 836 641 869 dice·
665 835 761 869 Iovis
781 845 944 878 puerum,
969 837 1035 870 ἑο.
1060 834 1174 875 filiam
1200 833 1410 880 (Mommsen
1436 836 1552 869 Herm.
1577 836 1630 876 49,
1645 835 1737 881 454).

250 916 366 962 3686
413 918 612 957 Fortunae
638 915 643 971 Ι
672 917 773 957 lovi¹
804 929 930 969 puero
964 915 972 970 Ι
1006 929 1053 956 ex
1083 923 1319 958 testamento
1347 916 1353 972 Ι
1379 917 1602 958 Treboniae
1629 918 1636 972 Ι
1662 918 1854 971 Symphe-

138 999 254 1027 rusae
282 984 288 1040 Ι
315 986 357 1026 P.
374 986 528 1026 Annius
550 985 693 1025 Herma
721 982 726 1040 Ι
754 985 881 1025 heres.
908 987 915 1037 Ι
942 985 986 1025 L.
1010 985 1048 1025 d.
1071 984 1108 1025 d.
1130 985 1167 1025 d.

255 1054 445 1087 Praeneste
469 1051 577 1098 (XIV
584 1053 676 1086 2868
697 1052 827 1094 septies
851 1052 1029 1096 descripta
1053 1063 1145 1085 saec.
1161 1052 1249 1086 XVI
1252 1052 1267 1097 l
1273 1051 1410 1096 XVII).
1430 1073 1476 1078 —
1503 1054 1534 1096 1)
1557 1052 1649 1087 lovis
1672 1063 1784 1086 unum
1809 1065 1855 1087 exe

137 1112 269 1152 septem
294 1107 542 1153 apographis).

252 1200 367 1248 3687
415 1202 580 1242 Fortun.
612 1202 773 1254 Primig.
801 1201 807 1255 Ι
842 1202 1001 1254 signum
1032 1199 1262 1257 Aequiltatis
1291 1170 1468 1255 Nigrinia
1493 1170 1500 1257 Ι
1528 1204 1692 1244 Auxesis
1723 1216 1815 1243 cum
1847 1203 1851 1257 Ι

140 1271 270 1311 Felice
300 1272 400 1322 Aug.
430 1270 498 1310 lib.
530 1276 569 1310 et
595 1267 601 1323 Ι
627 1270 709 1311 suis
738 1271 776 1310 d.
807 1271 845 1310 d.
876 1271 914 1310 d.
946 1271 982 1310 d.

252 1348 368 1395 3688
416 1350 616 1390 Fortunae
643 1348 650 1405 Ι
676 1350 938 1402 Primigeniae
965 1347 971 1406 Ι
999 1350 1059 1390 Ti.
1091 1350 1274 1390 Claudius
1301 1347 1306 1404 Ι
1333 1350 1588 1391 Thermodon
1620 1357 1659 1391 et
1690 1349 1696 1405 Ι
1723 1352 1855 1392 Mettia

140 1419 192 1460 M.
222 1419 248 1459 f.
275 1418 282 1470 Ι
308 1418 476 1459 Lochias
507 1419 592 1459 eius
619 1416 625 1472 Ι
651 1419 859 1459 simulacra
890 1418 968 1459 duo
996 1420 1003 1469 Ι
1030 1419 1121 1471 Spei
1149 1417 1155 1474 Ι
1183 1418 1407 1458 corolitica¹
1438 1419 1474 1458 d.
1506 1419 1544 1459 d.

255 1486 446 1519 Praeneste
478 1486 586 1526 (XIV
600 1487 701 1520 2860.
725 1486 819 1520 2853
850 1487 995 1529 saepius
1024 1486 1224 1530 descriptae
1251 1495 1341 1519 saec.
1365 1484 1482 1530 XVI).
1519 1505 1562 1511 —-
1603 1488 1634 1528 1)
1661 1486 1854 1520 Coroliliea

140 1543 309 1577 videnlur
331 1543 404 1576 dici
427 1545 534 1586 signa
559 1554 606 1576 ea!
628 1553 806 1575 marmore
831 1543 1017 1575 corolitz‘eo
1043 1542 1152 1586 (Ptin.
1177 1544 1210 1576 Ιι.
1236 1553 1271 1576 η.
1293 1543 1350 1580 56.
1367 1541 1442 1587 62).

253 1622 368 1668 3687
417 1623 461 1663 L.
492 1624 720 1664 Sariolenus
754 1622 760 1679 Ι
795 1624 963 1663 Naevius
994 1622 1165 1678 Fastus}
1199 1623 1461 1671 consularis¹‚
1498 1621 1504 1678 Ι
1540 1630 1583 1664 ut
1612 1624 1782 1664 Triviam
1813 1625 1853 1664 in

140 1692 372 1739 manuario,
407 1690 414 1744 Ι
450 1698 493 1732 ut
523 1692 563 1732 in
595 1704 749 1744 pronao
781 1692 887 1732 aedis
923 1689 928 1746 Ι
962 1691 1156 1732 statuam²
1193 1692 1387 1732 Antonini
1417 1694 1582 1744 August.
1620 1692 1625 1748 Ι
1660 1692 1855 1744 Apollinis

139 1753 355 1814 ‘isityches’
377 1762 462 1809 (sic)
489 1760 596 1813 Spei,
622 1758 630 1814 Ι
656 1761 708 1800 ita
739 1766 779 1800 et
809 1761 911 1800 hanc
931 1761 1146 1800 Minervam
1173 1758 1179 1814 Ι
1207 1760 1407 1800 Fortunae
1428 1761 1687 1813 Primigeniae
1716 1759 1721 1815 Ι
1747 1761 1854 1801 dono

140 1828 247 1869 dedit
272 1825 278 1881 Ι
305 1840 394 1868 cum
425 1841 506 1868 ara.

254 1895 443 1928 Praeneste
467 1895 568 1940 (XIV
581 1897 670 1930 2867
693 1895 797 1939 vidi).
814 1914 860 1919 —
886 1897 919 1935 l)
942 1895 1076 1928 Fuscus
1094 1895 1300 1929 Consularis
1323 1905 1519 1938 cognomen
1542 1897 1724 1938 reperitur
1747 1896 1855 1928 etiam

140 1954 181 1984 ὅτι
203 1950 279 1984 alia
296 1951 530 1986 Praenestina
555 1952 644 1986 XIV
654 1952 755 1986 2921.
771 1971 818 1976 -
842 1953 876 1994 2)
899 1950 1132 1995 Requiritur:
1154 1955 1295 1986 statuas.
1312 1970 1357 1976 —
1383 1953 1417 1990 3)
1442 1950 1584 1986 Numen
1607 1952 1749 1985 videtur
1772 1963 1855 1985 eon-

140 2009 268 2049 llatum
292 2018 339 2040 ex
362 2008 455 2040 Iside
478 2011 514 2041 et
535 2009 714 2043 Fortuna.
753 2007 893 2053 (Etiam
916 2010 956 2040 in
981 2009 1084 2042 tilulo
1101 2009 1205 2041 Delio
1230 2012 1362 2042 aetatis
1378 2007 1558 2042 Romanae
1580 2009 1675 2042 Bau.
1700 2008 1743 2041 de
1760 2019 1854 2043 eorr.

140 2063 268 2098 hellen.
291 2065 323 2104 6,
357 2065 446 2098 1882
472 2074 506 2105 p.
522 2064 590 2098 339
612 2075 649 2098 n.
665 2064 710 2098 43
732 2069 954 2098 memoratur
973 2056 1063 2107 Ἶσις
1090 2063 1190 2110 Τύχη
1215 2066 1513 2111 Πρωτογενεία.)

255 2154 372 2201 3688
419 2155 618 2196 Fortunae
654 2157 660 2209 Ι
694 2156 957 2208 Primigeniae
991 2154 998 2212 Ι
1032 2170 1079 2197 ex
1109 2163 1201 2197 voto
1236 2159 1242 2210 Ι
1277 2158 1324 2198 D.
1356 2157 1554 2198 Poblieius
1588 2155 1594 2211 Ι
1631 2158 1814 2198 Comicus
1845 2162 1852 2212 Ι

142 2237 332 2278 manceps
362 2223 468 2264 aedis
500 2222 507 2278 Ι
541 2236 612 2277 per
641 2236 770 2266 annos
800 2224 902 2273 ΧΙΙΙ,
930 2222 936 2279 Ι
962 2225 1135 2266 Poblicia
1165 2225 1312 2273 Quinta
1342 2226 1381 2273 f.‚
1417 2223 1423 2280 Ι
1459 2226 1632 2266 Fresidia
1662 2226 1854 2280 Palmyris

142 2292 257 2334 uxdr.
284 2291 291 2347 Ι
318 2293 522 2334 Celiareis¹
551 2291 558 2345 Ι
583 2295 774 2341 Amoeno,
806 2293 1007 2347 Dionysio,
1034 2292 1041 2346 Ι
1069 2293 1182 2334 Lino.

255 2360 446 2393 Praeneste
470 2358 571 2404 (XIV
592 2361 681 2394 2864
704 2358 807 2404 vidi).
832 2378 878 2385 —-
911 2362 944 2403 1)
968 2359 1202 2404 significari,
1233 2361 1379 2394 titulum
1399 2363 1558 2404 positum
1583 2372 1657 2395 esse
1680 2372 1760 2395 eum
1785 2362 1852 2395 cel·

142 2416 230 2450 larii
253 2419 366 2450 essent
388 2419 483 2449 servi
507 2419 578 2449 tres
599 2417 792 2456 Amoenus,
815 2416 1025 2461 Dionysius,
1049 2417 1182 2460 Linus,
1201 2421 1312 2461 putat
1335 2418 1488 2452 Henzen.

255 2494 371 2542 3689
412 2497 611 2537 Fortunae
631 2502 791 2537 sanctae
817 2494 824 2550 Ι
850 2496 978 2538 Atinia
999 2497 1195 2551 Tyrannis
1221 2497 1228 2550 Ι
1254 2498 1464 2539 seminaria
1490 2511 1512 2538 a
1539 2504 1653 2552 porta
1679 2497 1687 2552 Ι
1712 2499 1853 2540 trium-

142 2565 292 2618 phaie¹‚
327 2563 335 2618 Ι
365 2564 409 2605 Ρ.
440 2565 652 2605 Terentius
682 2564 922 2606 Fortunatus
948 2562 954 2620 Ι
980 2566 1038 2606 vir
1066 2566 1305 2615 carissimus,
1332 2566 1338 2620 Ι
1365 2566 1428 2605 cui
1459 2566 1602 2617 gratias
1635 2567 1848 2621 maximas!

142 2645 300 2686 semper
319 2631 417 2685 egi²‚
445 2631 452 2687 Ι
477 2645 568 2673 cum
593 2631 600 2687 Ι
627 2632 811 2672 Terentia
835 2631 1018 2673 Faustina
1044 2631 1051 2687 Ι
1077 2635 1154 2674 filia
1180 2632 1187 2690 Ι
1213 2635 1362 2674 donum
1393 2633 1510 2674 dedit.
1538 2633 1545 2689 Ι
1570 2635 1614 2676 L.
1640 2635 1677 2675 d.
1698 2636 1735 2675 d.
1758 2635 1795 2676 d.

257 2699 444 2733 Praeneste
473 2697 579 2745 (XIV
596 2701 688 2734 2850
721 2699 832 2732 deser.
858 2698 1014 2733 Smetius
1036 2700 1200 2746 aliique).
1235 2701 1279 2726 —'
1320 2702 1352 2741 1)
1377 2700 1531 2735 Videtur
1553 2701 1716 2745 intellegi
1745 2705 1853 2745 porta

145 2765 237 2799 quae
261 2755 446 2789 dicebatur
469 2757 700 2799 triumphalis
721 2757 823 2789 urbis
844 2755 975 2789 Romae
999 2754 1150 2800 (Jordan
1179 2756 1263 2800 Top.
1288 2757 1309 2790 1
1329 2757 1348 2790 4
1370 2767 1407 2800 p.
1422 2759 1490 2791 240
1513 2769 1548 2792 n.
1564 2757 1633 2803 76).
1651 2777 1693 2783 —
1720 2759 1753 2801 2)
1778 2759 1854 2792 Ma-

143 2813 212 2844 riti
231 2812 446 2845 mentionem
466 2817 591 2856 postea
614 2815 792 2846 intrusam
816 2823 888 2845 esse
912 2815 1077 2855 apparet.

256 2901 372 2949 3696
460 2913 590 2958 (modii
613 2913 684 2947 duo
707 2915 816 2957 spicis
840 2914 967 2957 repleti
972 2926 986 2955 ‚·
1019 2915 1203 2957 spicarum
1226 2914 1405 2958 manipuli
1427 2914 1516 2958 duo)

474 2990 537 3031 tu,
577 2995 676 3035 quae
707 2983 876 3037 Tarpeio
911 2983 1053 3023 coieris
1082 2983 1210 3024 vicina
1239 2983 1447 3032 Tonanw,

474 3057 656 3091 votorum
685 3051 829 3091 vindex
858 3063 1027 3103 semper,
1066 3051 1260 3099 Fortuna,
1298 3062 1490 3099 meorum,
